{"symbol":"BABYDOGE_IRT","lastTrades":[{"id":100116697,"price":"0.0001171900000000","qty":"85181565846.00000000","quoteQty":"9982427.70149274","time":1713940261151,"isBuyerMaker":true},{"id":100116696,"price":"0.0001172000000000","qty":"426621161.00000000","quoteQty":"50000.00006920","time":1713940260615,"isBuyerMaker":true},{"id":100116689,"price":"0.0001172300000000","qty":"426511985.00000000","quoteQty":"50000.00000155","time":1713940260052,"isBuyerMaker":true},{"id":100116536,"price":"0.0001173000000000","qty":"82746753722.00000000","quoteQty":"9706194.21159060","time":1713940180563,"isBuyerMaker":true},{"id":100116444,"price":"0.0001172800000000","qty":"30350634170.00000000","quoteQty":"3559522.37545760","time":1713940134995,"isBuyerMaker":true},{"id":100116270,"price":"0.0001173500000000","qty":"23157107793.00000000","quoteQty":"2717486.59950855","time":1713940061791,"isBuyerMaker":true},{"id":100116008,"price":"0.0001172900000000","qty":"72394642600.00000000","quoteQty":"8491167.63055400","time":1713939977483,"isBuyerMaker":true},{"id":100116003,"price":"0.0001176700000000","qty":"4249171412.00000000","quoteQty":"500000.00005004","time":1713939977130,"isBuyerMaker":true},{"id":100115867,"price":"0.0001176700000000","qty":"14882410675.00000000","quoteQty":"14882410675.00000000","time":1713939906634,"isBuyerMaker":false},{"id":100115704,"price":"0.0001176400000000","qty":"29205929354.00000000","quoteQty":"29205929354.00000000","time":1713939834926,"isBuyerMaker":false},{"id":100115537,"price":"0.0001176100000000","qty":"74972104853.00000000","quoteQty":"74972104853.00000000","time":1713939755491,"isBuyerMaker":false},{"id":100115342,"price":"0.0001176000000000","qty":"32502159303.00000000","quoteQty":"3822253.93403280","time":1713939671897,"isBuyerMaker":true},{"id":100115205,"price":"0.0001179000000000","qty":"19840991488.00000000","quoteQty":"19840991488.00000000","time":1713939600677,"isBuyerMaker":false},{"id":100114985,"price":"0.0001177200000000","qty":"58392022132.00000000","quoteQty":"6873908.84537904","time":1713939510687,"isBuyerMaker":true},{"id":100114799,"price":"0.0001179000000000","qty":"82616569705.00000000","quoteQty":"82616569705.00000000","time":1713939420951,"isBuyerMaker":false},{"id":100114748,"price":"0.0001184000000000","qty":"700280648.00000000","quoteQty":"698074763.95880000","time":1713939398180,"isBuyerMaker":false},{"id":100114719,"price":"0.0001177900000000","qty":"81502449612.00000000","quoteQty":"9600173.53979748","time":1713939376715,"isBuyerMaker":true},{"id":100114564,"price":"0.0001179200000000","qty":"42950169063.00000000","quoteQty":"42950169063.00000000","time":1713939296721,"isBuyerMaker":false},{"id":100114421,"price":"0.0001180400000000","qty":"20911682621.00000000","quoteQty":"20911682621.00000000","time":1713939228586,"isBuyerMaker":false},{"id":100114328,"price":"0.0001178500000000","qty":"73182834935.00000000","quoteQty":"8624597.09708975","time":1713939187307,"isBuyerMaker":true},{"id":100114194,"price":"0.0001178700000000","qty":"68774428315.00000000","quoteQty":"8106441.86548905","time":1713939123645,"isBuyerMaker":true},{"id":100113997,"price":"0.0001184000000000","qty":"7542229729.00000000","quoteQty":"7519829306.70487000","time":1713939052334,"isBuyerMaker":false},{"id":100113881,"price":"0.0001180300000000","qty":"73764656246.00000000","quoteQty":"73764656246.00000000","time":1713938942153,"isBuyerMaker":false},{"id":100113712,"price":"0.0001180200000000","qty":"52297339009.00000000","quoteQty":"52297339009.00000000","time":1713938891432,"isBuyerMaker":false},{"id":100113506,"price":"0.0001181000000000","qty":"69885187636.00000000","quoteQty":"69885187636.00000000","time":1713938809551,"isBuyerMaker":false},{"id":100113330,"price":"0.0001181200000000","qty":"44565823538.00000000","quoteQty":"44565823538.00000000","time":1713938740266,"isBuyerMaker":false},{"id":100113082,"price":"0.0001178200000000","qty":"17601314914.00000000","quoteQty":"2073786.92316748","time":1713938658618,"isBuyerMaker":true},{"id":100112881,"price":"0.0001177800000000","qty":"78667202878.00000000","quoteQty":"9265423.15497084","time":1713938558795,"isBuyerMaker":true},{"id":100112703,"price":"0.0001177800000000","qty":"78643936904.00000000","quoteQty":"9262682.88855312","time":1713938469605,"isBuyerMaker":true},{"id":100112563,"price":"0.0001180600000000","qty":"15398626595.00000000","quoteQty":"15398626595.00000000","time":1713938408696,"isBuyerMaker":false},{"id":100112464,"price":"0.0001180600000000","qty":"85239305561.00000000","quoteQty":"85239305561.00000000","time":1713938356449,"isBuyerMaker":false},{"id":100112258,"price":"0.0001178600000000","qty":"77513165426.00000000","quoteQty":"9135701.67710836","time":1713938254731,"isBuyerMaker":true},{"id":100112127,"price":"0.0001178400000000","qty":"65972057894.00000000","quoteQty":"7774147.30222896","time":1713938190047,"isBuyerMaker":true},{"id":100112023,"price":"0.0001180300000000","qty":"63789328378.00000000","quoteQty":"63789328378.00000000","time":1713938123021,"isBuyerMaker":false},{"id":100111896,"price":"0.0001180100000000","qty":"92398784135.00000000","quoteQty":"92398784135.00000000","time":1713938054309,"isBuyerMaker":false},{"id":100111631,"price":"0.0001179000000000","qty":"57222470417.00000000","quoteQty":"57222470417.00000000","time":1713937983754,"isBuyerMaker":false},{"id":100111428,"price":"0.0001178600000000","qty":"58334585901.00000000","quoteQty":"58334585901.00000000","time":1713937784300,"isBuyerMaker":false},{"id":100111255,"price":"0.0001175300000000","qty":"47349321208.00000000","quoteQty":"5564965.72157624","time":1713937703160,"isBuyerMaker":true},{"id":100111044,"price":"0.0001177600000000","qty":"31379856141.00000000","quoteQty":"31379856141.00000000","time":1713937617100,"isBuyerMaker":false},{"id":100110927,"price":"0.0001175100000000","qty":"31937624180.00000000","quoteQty":"3752990.21739180","time":1713937557864,"isBuyerMaker":true},{"id":100110747,"price":"0.0001175100000000","qty":"49966940166.00000000","quoteQty":"5871615.13890666","time":1713937462010,"isBuyerMaker":true},{"id":100110744,"price":"0.0001175800000000","qty":"5126809116.00000000","quoteQty":"602810.21585928","time":1713937461767,"isBuyerMaker":true},{"id":100110613,"price":"0.0001175800000000","qty":"12118023126.00000000","quoteQty":"1424837.15915508","time":1713937388156,"isBuyerMaker":true},{"id":100110515,"price":"0.0001178300000000","qty":"16505574872.00000000","quoteQty":"16505574872.00000000","time":1713937341993,"isBuyerMaker":false},{"id":100110293,"price":"0.0001177600000000","qty":"78636845444.00000000","quoteQty":"9260274.91948544","time":1713937242371,"isBuyerMaker":true},{"id":100110176,"price":"0.0001177600000000","qty":"15392345658.00000000","quoteQty":"1812602.62468608","time":1713937181726,"isBuyerMaker":true},{"id":100109987,"price":"0.0001178300000000","qty":"47783812141.00000000","quoteQty":"5630366.58457403","time":1713937088315,"isBuyerMaker":true},{"id":100109985,"price":"0.0001178500000000","qty":"2203436571.00000000","quoteQty":"259674.99989235","time":1713937087867,"isBuyerMaker":true},{"id":100109982,"price":"0.0001178500000000","qty":"39514868937.00000000","quoteQty":"4656827.30422545","time":1713937087482,"isBuyerMaker":true},{"id":100109976,"price":"0.0001178500000000","qty":"10485131063.00000000","quoteQty":"1231347.84133934","time":1713937086841,"isBuyerMaker":true},{"id":100109833,"price":"0.0001180500000000","qty":"25268125706.00000000","quoteQty":"25268125706.00000000","time":1713936997219,"isBuyerMaker":false},{"id":100109604,"price":"0.0001181500000000","qty":"18111714840.00000000","quoteQty":"18111714840.00000000","time":1713936897259,"isBuyerMaker":false},{"id":100109302,"price":"0.0001178500000000","qty":"48878983523.00000000","quoteQty":"5760388.20818555","time":1713936696809,"isBuyerMaker":true},{"id":100109110,"price":"0.0001175800000000","qty":"9072356055.00000000","quoteQty":"1063367.43292832","time":1713936605376,"isBuyerMaker":true},{"id":100109083,"price":"0.0001178900000000","qty":"41780642373.00000000","quoteQty":"41780642373.00000000","time":1713936593266,"isBuyerMaker":false},{"id":100108962,"price":"0.0001176400000000","qty":"22543488514.00000000","quoteQty":"2652015.98878696","time":1713936545864,"isBuyerMaker":true},{"id":100108707,"price":"0.0001175800000000","qty":"79209062701.00000000","quoteQty":"9313401.59238358","time":1713936448336,"isBuyerMaker":true},{"id":100108705,"price":"0.0001177300000000","qty":"6047439055.00000000","quoteQty":"711964.99994515","time":1713936448125,"isBuyerMaker":true},{"id":100108532,"price":"0.0001180000000000","qty":"64454429465.00000000","quoteQty":"7605622.67687000","time":1713936366172,"isBuyerMaker":true},{"id":100108514,"price":"0.0001180000000000","qty":"72651631266.00000000","quoteQty":"8572892.48938800","time":1713936356402,"isBuyerMaker":true},{"id":100108323,"price":"0.0001177400000000","qty":"15386724311.00000000","quoteQty":"1811632.92037714","time":1713936271835,"isBuyerMaker":true},{"id":100108206,"price":"0.0001177400000000","qty":"29121895141.00000000","quoteQty":"3428811.93390134","time":1713936213648,"isBuyerMaker":true},{"id":100108087,"price":"0.0001179300000000","qty":"41202280525.00000000","quoteQty":"41202280525.00000000","time":1713936166588,"isBuyerMaker":false},{"id":100107976,"price":"0.0001179100000000","qty":"64752118198.00000000","quoteQty":"7634922.25672618","time":1713936102376,"isBuyerMaker":true},{"id":100107794,"price":"0.0001180300000000","qty":"36218912005.00000000","quoteQty":"36218912005.00000000","time":1713936010639,"isBuyerMaker":false},{"id":100107673,"price":"0.0001178800000000","qty":"15361510904.00000000","quoteQty":"1810814.90536352","time":1713935964251,"isBuyerMaker":true},{"id":100107414,"price":"0.0001178900000000","qty":"54313217956.00000000","quoteQty":"6402985.26483284","time":1713935867502,"isBuyerMaker":true},{"id":100107201,"price":"0.0001177200000000","qty":"10982428896.00000000","quoteQty":"1292851.52963712","time":1713935760176,"isBuyerMaker":true},{"id":100107048,"price":"0.0001180800000000","qty":"85096087700.00000000","quoteQty":"85096087700.00000000","time":1713935683791,"isBuyerMaker":false},{"id":100106949,"price":"0.0001181200000000","qty":"2962233322.00000000","quoteQty":"349898.99999464","time":1713935634587,"isBuyerMaker":true},{"id":100106948,"price":"0.0001178400000000","qty":"22305003636.00000000","quoteQty":"2628421.62846624","time":1713935634250,"isBuyerMaker":true},{"id":100106824,"price":"0.0001181200000000","qty":"88995133693.00000000","quoteQty":"88995133693.00000000","time":1713935572040,"isBuyerMaker":false},{"id":100106670,"price":"0.0001178600000000","qty":"62354285533.00000000","quoteQty":"7349076.09291938","time":1713935508362,"isBuyerMaker":true},{"id":100106642,"price":"0.0001176800000000","qty":"6307602965.00000000","quoteQty":"6307602965.00000000","time":1713935493910,"isBuyerMaker":false},{"id":100106519,"price":"0.0001174400000000","qty":"22030351220.00000000","quoteQty":"2587244.44727680","time":1713935438854,"isBuyerMaker":true},{"id":100106387,"price":"0.0001176800000000","qty":"41253883226.00000000","quoteQty":"4854756.97803568","time":1713935363850,"isBuyerMaker":true},{"id":100106300,"price":"0.0001180000000000","qty":"69889864034.00000000","quoteQty":"69889864034.00000000","time":1713935315920,"isBuyerMaker":false},{"id":100106159,"price":"0.0001178000000000","qty":"60361696805.00000000","quoteQty":"7110607.88362900","time":1713935244701,"isBuyerMaker":true},{"id":100105990,"price":"0.0001180600000000","qty":"37872565343.00000000","quoteQty":"37872565343.00000000","time":1713935173347,"isBuyerMaker":false},{"id":100105847,"price":"0.0001178000000000","qty":"48863071278.00000000","quoteQty":"5756069.79654840","time":1713935089858,"isBuyerMaker":true},{"id":100105756,"price":"0.0001178400000000","qty":"77584195244.00000000","quoteQty":"9142521.56755296","time":1713935036293,"isBuyerMaker":true},{"id":100105755,"price":"0.0001181400000000","qty":"4173015066.00000000","quoteQty":"492999.99989724","time":1713935035970,"isBuyerMaker":true},{"id":100105660,"price":"0.0001181300000000","qty":"64771082636.00000000","quoteQty":"64771082636.00000000","time":1713934985347,"isBuyerMaker":false},{"id":100105521,"price":"0.0001181400000000","qty":"88873135171.00000000","quoteQty":"88873135171.00000000","time":1713934924744,"isBuyerMaker":false},{"id":100105273,"price":"0.0001178000000000","qty":"84227027274.00000000","quoteQty":"84227027274.00000000","time":1713934832157,"isBuyerMaker":false},{"id":100104968,"price":"0.0001178400000000","qty":"48365886992.00000000","quoteQty":"48365886992.00000000","time":1713934648211,"isBuyerMaker":false},{"id":100104709,"price":"0.0001180100000000","qty":"58276073897.00000000","quoteQty":"58276073897.00000000","time":1713934539031,"isBuyerMaker":false},{"id":100104519,"price":"0.0001178100000000","qty":"63313392913.00000000","quoteQty":"63313392913.00000000","time":1713934449391,"isBuyerMaker":false},{"id":100104315,"price":"0.0001172900000000","qty":"59987828726.00000000","quoteQty":"7035972.43127254","time":1713934350833,"isBuyerMaker":true},{"id":100104079,"price":"0.0001173400000000","qty":"30417383150.00000000","quoteQty":"3569175.73882100","time":1713934246233,"isBuyerMaker":true},{"id":100104073,"price":"0.0001174400000000","qty":"13050943879.00000000","quoteQty":"1532702.84914976","time":1713934245654,"isBuyerMaker":true},{"id":100103821,"price":"0.0001176000000000","qty":"11003371798.00000000","quoteQty":"11003371798.00000000","time":1713934139935,"isBuyerMaker":false},{"id":100103775,"price":"0.0001176000000000","qty":"6032865817.00000000","quoteQty":"6011750786.64050000","time":1713934129635,"isBuyerMaker":false},{"id":100103629,"price":"0.0001174400000000","qty":"80732775467.00000000","quoteQty":"9481257.15084448","time":1713934083630,"isBuyerMaker":true},{"id":100103550,"price":"0.0001183900000000","qty":"16325852469.00000000","quoteQty":"1932817.67380491","time":1713934055384,"isBuyerMaker":true},{"id":100103530,"price":"0.0001183900000000","qty":"5701489354.00000000","quoteQty":"674999.32462006","time":1713934046440,"isBuyerMaker":true},{"id":100103525,"price":"0.0001183900000000","qty":"7703456819.00000000","quoteQty":"912012.25280141","time":1713934041576,"isBuyerMaker":true},{"id":100103517,"price":"0.0001183900000000","qty":"2053840463.00000000","quoteQty":"243154.17241457","time":1713934036582,"isBuyerMaker":true},{"id":100103514,"price":"0.0001183900000000","qty":"6336249483.00000000","quoteQty":"6321042484.24080000","time":1713934035368,"isBuyerMaker":false},{"id":100103487,"price":"0.0001176900000000","qty":"82966965660.00000000","quoteQty":"82966965660.00000000","time":1713934025709,"isBuyerMaker":false},{"id":100103263,"price":"0.0001170800000000","qty":"31987587103.00000000","quoteQty":"3745106.69801924","time":1713933915598,"isBuyerMaker":true},{"id":100103188,"price":"0.0001169900000000","qty":"29791200869.00000000","quoteQty":"3485272.58966431","time":1713933872997,"isBuyerMaker":true},{"id":100103053,"price":"0.0001169900000000","qty":"77781434400.00000000","quoteQty":"9099650.01045600","time":1713933810790,"isBuyerMaker":true},{"id":100102838,"price":"0.0001172500000000","qty":"81770474001.00000000","quoteQty":"81770474001.00000000","time":1713933702928,"isBuyerMaker":false},{"id":100102720,"price":"0.0001168600000000","qty":"61888078199.00000000","quoteQty":"7232240.81833514","time":1713933654985,"isBuyerMaker":true},{"id":100102557,"price":"0.0001168400000000","qty":"84562000322.00000000","quoteQty":"9880224.11762248","time":1713933606832,"isBuyerMaker":true},{"id":100102430,"price":"0.0001168800000000","qty":"43677106828.00000000","quoteQty":"5104980.24605664","time":1713933539396,"isBuyerMaker":true},{"id":100102221,"price":"0.0001170900000000","qty":"54849757994.00000000","quoteQty":"54849757994.00000000","time":1713933451277,"isBuyerMaker":false},{"id":100102113,"price":"0.0001167200000000","qty":"59874358817.00000000","quoteQty":"6988535.16112024","time":1713933395576,"isBuyerMaker":true},{"id":100102108,"price":"0.0001165900000000","qty":"7197183544.00000000","quoteQty":"839119.62939496","time":1713933395336,"isBuyerMaker":true},{"id":100101947,"price":"0.0001170100000000","qty":"34379821234.00000000","quoteQty":"34379821234.00000000","time":1713933315577,"isBuyerMaker":false},{"id":100101852,"price":"0.0001167200000000","qty":"77658174083.00000000","quoteQty":"9064262.07896776","time":1713933269678,"isBuyerMaker":true},{"id":100101713,"price":"0.0001168500000000","qty":"47713994060.00000000","quoteQty":"47713994060.00000000","time":1713933200705,"isBuyerMaker":false},{"id":100101567,"price":"0.0001170200000000","qty":"69313753638.00000000","quoteQty":"69313753638.00000000","time":1713933126913,"isBuyerMaker":false},{"id":100101433,"price":"0.0001169700000000","qty":"20518177227.00000000","quoteQty":"20518177227.00000000","time":1713933055537,"isBuyerMaker":false},{"id":100101210,"price":"0.0001168800000000","qty":"44914463465.00000000","quoteQty":"44914463465.00000000","time":1713932959799,"isBuyerMaker":false},{"id":100101049,"price":"0.0001168700000000","qty":"87115362819.00000000","quoteQty":"87115362819.00000000","time":1713932879097,"isBuyerMaker":false},{"id":100100880,"price":"0.0001166000000000","qty":"8576329331.00000000","quoteQty":"999999.99999460","time":1713932792432,"isBuyerMaker":true},{"id":100100876,"price":"0.0001165900000000","qty":"58566131585.00000000","quoteQty":"6828225.28149515","time":1713932792200,"isBuyerMaker":true},{"id":100100795,"price":"0.0001165900000000","qty":"27742277903.00000000","quoteQty":"3234472.18071077","time":1713932731893,"isBuyerMaker":true},{"id":100100703,"price":"0.0001165900000000","qty":"28284949336.00000000","quoteQty":"3297742.24308424","time":1713932670861,"isBuyerMaker":true},{"id":100100456,"price":"0.0001167200000000","qty":"26019723422.00000000","quoteQty":"26019723422.00000000","time":1713932593988,"isBuyerMaker":false},{"id":100100188,"price":"0.0001165800000000","qty":"32137480940.00000000","quoteQty":"32137480940.00000000","time":1713932296613,"isBuyerMaker":false},{"id":100100068,"price":"0.0001164000000000","qty":"28885203167.00000000","quoteQty":"28885203167.00000000","time":1713932245002,"isBuyerMaker":false},{"id":100099810,"price":"0.0001164100000000","qty":"33861624316.00000000","quoteQty":"3941831.68662556","time":1713932137310,"isBuyerMaker":true},{"id":100099658,"price":"0.0001167100000000","qty":"50012886977.00000000","quoteQty":"50012886977.00000000","time":1713932042922,"isBuyerMaker":false},{"id":100099475,"price":"0.0001162200000000","qty":"90590244394.00000000","quoteQty":"10528398.20347068","time":1713931958818,"isBuyerMaker":true},{"id":100099304,"price":"0.0001162300000000","qty":"42774217942.00000000","quoteQty":"4971647.35139866","time":1713931876778,"isBuyerMaker":true},{"id":100099142,"price":"0.0001162000000000","qty":"58352440539.00000000","quoteQty":"6780553.59063180","time":1713931788865,"isBuyerMaker":true},{"id":100099021,"price":"0.0001166300000000","qty":"47809816281.00000000","quoteQty":"47809816281.00000000","time":1713931729988,"isBuyerMaker":false},{"id":100098938,"price":"0.0001162600000000","qty":"31653950795.00000000","quoteQty":"3680088.31942670","time":1713931686670,"isBuyerMaker":true},{"id":100098873,"price":"0.0001163400000000","qty":"81528036651.00000000","quoteQty":"9484971.78397734","time":1713931648064,"isBuyerMaker":true},{"id":100098745,"price":"0.0001165700000000","qty":"64266296969.00000000","quoteQty":"7491522.23767633","time":1713931582761,"isBuyerMaker":true},{"id":100098526,"price":"0.0001165600000000","qty":"31034919015.00000000","quoteQty":"3617430.16038840","time":1713931477196,"isBuyerMaker":true},{"id":100098348,"price":"0.0001170600000000","qty":"77003002582.00000000","quoteQty":"77003002582.00000000","time":1713931405021,"isBuyerMaker":false},{"id":100098209,"price":"0.0001165900000000","qty":"80338139823.00000000","quoteQty":"9366623.72196357","time":1713931323401,"isBuyerMaker":true},{"id":100098165,"price":"0.0001173300000000","qty":"1704466035.00000000","quoteQty":"1699182190.29150000","time":1713931307335,"isBuyerMaker":false},{"id":100098062,"price":"0.0001170500000000","qty":"88091355262.00000000","quoteQty":"88091355262.00000000","time":1713931250521,"isBuyerMaker":false},{"id":100097904,"price":"0.0001170600000000","qty":"57595218567.00000000","quoteQty":"57595218567.00000000","time":1713931159744,"isBuyerMaker":false},{"id":100097811,"price":"0.0001170500000000","qty":"19395420793.00000000","quoteQty":"19395420793.00000000","time":1713931109188,"isBuyerMaker":false},{"id":100097685,"price":"0.0001165100000000","qty":"68735067092.00000000","quoteQty":"8008322.66688892","time":1713931039019,"isBuyerMaker":true},{"id":100097500,"price":"0.0001163800000000","qty":"56618449526.00000000","quoteQty":"6589255.15583588","time":1713930962564,"isBuyerMaker":true},{"id":100097331,"price":"0.0001168500000000","qty":"82169466955.00000000","quoteQty":"82169466955.00000000","time":1713930864290,"isBuyerMaker":false},{"id":100097151,"price":"0.0001163900000000","qty":"61677733243.00000000","quoteQty":"7178671.37215277","time":1713930768773,"isBuyerMaker":true},{"id":100097064,"price":"0.0001167600000000","qty":"9993437177.00000000","quoteQty":"9993437177.00000000","time":1713930706567,"isBuyerMaker":false},{"id":100096950,"price":"0.0001164300000000","qty":"19853394780.00000000","quoteQty":"2311530.75423540","time":1713930640999,"isBuyerMaker":true},{"id":100096942,"price":"0.0001165200000000","qty":"9016134569.00000000","quoteQty":"1050559.99997988","time":1713930640645,"isBuyerMaker":true},{"id":100096745,"price":"0.0001165300000000","qty":"27185493933.00000000","quoteQty":"3167925.60801249","time":1713930574150,"isBuyerMaker":true},{"id":100096549,"price":"0.0001166600000000","qty":"70336582588.00000000","quoteQty":"8205465.72471608","time":1713930388233,"isBuyerMaker":true},{"id":100096428,"price":"0.0001166900000000","qty":"55937402972.00000000","quoteQty":"6527335.55280268","time":1713930327141,"isBuyerMaker":true},{"id":100096310,"price":"0.0001167000000000","qty":"71957228032.00000000","quoteQty":"8397408.51133440","time":1713930262524,"isBuyerMaker":true},{"id":100096181,"price":"0.0001167000000000","qty":"81347648523.00000000","quoteQty":"9493270.58263410","time":1713930186851,"isBuyerMaker":true},{"id":100096033,"price":"0.0001167000000000","qty":"49253642570.00000000","quoteQty":"5747900.08791900","time":1713930117629,"isBuyerMaker":true},{"id":100095926,"price":"0.0001166800000000","qty":"71452363458.00000000","quoteQty":"8337061.76827944","time":1713930063729,"isBuyerMaker":true},{"id":100095779,"price":"0.0001166700000000","qty":"82538750818.00000000","quoteQty":"9629796.05793606","time":1713929998250,"isBuyerMaker":true},{"id":100095596,"price":"0.0001169200000000","qty":"11621240305.00000000","quoteQty":"11621240305.00000000","time":1713929914079,"isBuyerMaker":false},{"id":100095409,"price":"0.0001167300000000","qty":"82985795237.00000000","quoteQty":"9686931.87801501","time":1713929814646,"isBuyerMaker":true},{"id":100095227,"price":"0.0001170000000000","qty":"77985171604.00000000","quoteQty":"77985171604.00000000","time":1713929740111,"isBuyerMaker":false},{"id":100095055,"price":"0.0001170100000000","qty":"56427724340.00000000","quoteQty":"56427724340.00000000","time":1713929653685,"isBuyerMaker":false},{"id":100094864,"price":"0.0001172600000000","qty":"89132621909.00000000","quoteQty":"89132621909.00000000","time":1713929567019,"isBuyerMaker":false},{"id":100094752,"price":"0.0001168700000000","qty":"9967082371.00000000","quoteQty":"1164852.91669877","time":1713929499884,"isBuyerMaker":true},{"id":100094596,"price":"0.0001173500000000","qty":"9959776808.00000000","quoteQty":"9959776808.00000000","time":1713929445386,"isBuyerMaker":false},{"id":100094457,"price":"0.0001169100000000","qty":"18825876524.00000000","quoteQty":"2200933.22442084","time":1713929382438,"isBuyerMaker":true},{"id":100094320,"price":"0.0001169200000000","qty":"42636132960.00000000","quoteQty":"4985016.66568320","time":1713929321568,"isBuyerMaker":true},{"id":100094194,"price":"0.0001169600000000","qty":"63120200594.00000000","quoteQty":"7382538.66147424","time":1713929254961,"isBuyerMaker":true},{"id":100094103,"price":"0.0001173900000000","qty":"81411365059.00000000","quoteQty":"81411365059.00000000","time":1713929200444,"isBuyerMaker":false},{"id":100093985,"price":"0.0001176400000000","qty":"88962822966.00000000","quoteQty":"88962822966.00000000","time":1713929140292,"isBuyerMaker":false},{"id":100093813,"price":"0.0001171300000000","qty":"49185757735.00000000","quoteQty":"5761127.80350055","time":1713929035154,"isBuyerMaker":true},{"id":100093697,"price":"0.0001177000000000","qty":"45283383060.00000000","quoteQty":"45283383060.00000000","time":1713928986064,"isBuyerMaker":false},{"id":100093491,"price":"0.0001173300000000","qty":"74767027416.00000000","quoteQty":"74767027416.00000000","time":1713928929396,"isBuyerMaker":false},{"id":100093325,"price":"0.0001170700000000","qty":"76375727013.00000000","quoteQty":"8941306.36141191","time":1713928746758,"isBuyerMaker":true},{"id":100093229,"price":"0.0001178100000000","qty":"90532616940.00000000","quoteQty":"90532616940.00000000","time":1713928691991,"isBuyerMaker":false},{"id":100093090,"price":"0.0001173000000000","qty":"23179451992.00000000","quoteQty":"2718949.71866160","time":1713928633267,"isBuyerMaker":true},{"id":100092896,"price":"0.0001177200000000","qty":"79482670615.00000000","quoteQty":"79482670615.00000000","time":1713928458437,"isBuyerMaker":false},{"id":100092710,"price":"0.0001170900000000","qty":"46930182874.00000000","quoteQty":"5495055.11271666","time":1713928363758,"isBuyerMaker":true},{"id":100092627,"price":"0.0001170500000000","qty":"82836112830.00000000","quoteQty":"9695967.00675150","time":1713928313568,"isBuyerMaker":true},{"id":100092519,"price":"0.0001168800000000","qty":"13839052185.00000000","quoteQty":"1617508.41938280","time":1713928249108,"isBuyerMaker":true},{"id":100092394,"price":"0.0001175000000000","qty":"44707992564.00000000","quoteQty":"44707992564.00000000","time":1713928177153,"isBuyerMaker":false},{"id":100092253,"price":"0.0001178300000000","qty":"55656745902.00000000","quoteQty":"55656745902.00000000","time":1713928091298,"isBuyerMaker":false},{"id":100091990,"price":"0.0001176800000000","qty":"87233251901.00000000","quoteQty":"87233251901.00000000","time":1713927995122,"isBuyerMaker":false},{"id":100091855,"price":"0.0001175900000000","qty":"62365155728.00000000","quoteQty":"7333518.66205552","time":1713927809078,"isBuyerMaker":true},{"id":100091679,"price":"0.0001181400000000","qty":"20944493547.00000000","quoteQty":"20944493547.00000000","time":1713927706854,"isBuyerMaker":false},{"id":100091496,"price":"0.0001174000000000","qty":"46280616358.00000000","quoteQty":"5433344.36042920","time":1713927590598,"isBuyerMaker":true},{"id":100091393,"price":"0.0001174100000000","qty":"28100307199.00000000","quoteQty":"3299257.06823459","time":1713927542745,"isBuyerMaker":true},{"id":100091190,"price":"0.0001174800000000","qty":"86458871174.00000000","quoteQty":"10157188.18552152","time":1713927434385,"isBuyerMaker":true},{"id":100091079,"price":"0.0001175200000000","qty":"29186566487.00000000","quoteQty":"3430005.29355224","time":1713927355036,"isBuyerMaker":true},{"id":100090988,"price":"0.0001179600000000","qty":"36334258335.00000000","quoteQty":"36334258335.00000000","time":1713927311034,"isBuyerMaker":false},{"id":100090824,"price":"0.0001178900000000","qty":"86969540881.00000000","quoteQty":"86969540881.00000000","time":1713927228176,"isBuyerMaker":false},{"id":100090664,"price":"0.0001180600000000","qty":"51677025279.00000000","quoteQty":"51677025279.00000000","time":1713927176068,"isBuyerMaker":false},{"id":100090505,"price":"0.0001175200000000","qty":"67640987060.00000000","quoteQty":"7949168.79929120","time":1713926981657,"isBuyerMaker":true},{"id":100090408,"price":"0.0001176200000000","qty":"76938286799.00000000","quoteQty":"9049481.29329838","time":1713926922053,"isBuyerMaker":true},{"id":100090208,"price":"0.0001179300000000","qty":"59802190101.00000000","quoteQty":"7052472.27861093","time":1713926843564,"isBuyerMaker":true},{"id":100090062,"price":"0.0001182400000000","qty":"66388881107.00000000","quoteQty":"66388881107.00000000","time":1713926678759,"isBuyerMaker":false},{"id":100089941,"price":"0.0001182800000000","qty":"85598851737.00000000","quoteQty":"85598851737.00000000","time":1713926604072,"isBuyerMaker":false},{"id":100089825,"price":"0.0001182000000000","qty":"27442059263.00000000","quoteQty":"27442059263.00000000","time":1713926541316,"isBuyerMaker":false},{"id":100089709,"price":"0.0001178300000000","qty":"66413341703.00000000","quoteQty":"7825484.05286449","time":1713926482585,"isBuyerMaker":true},{"id":100089535,"price":"0.0001182000000000","qty":"23054097661.00000000","quoteQty":"23054097661.00000000","time":1713926377914,"isBuyerMaker":false},{"id":100089361,"price":"0.0001180000000000","qty":"25253762761.00000000","quoteQty":"2979944.00579800","time":1713926273991,"isBuyerMaker":true},{"id":100089192,"price":"0.0001183700000000","qty":"14275807026.00000000","quoteQty":"14275807026.00000000","time":1713926174101,"isBuyerMaker":false},{"id":100089157,"price":"0.0001175900000000","qty":"5780404609.00000000","quoteQty":"677576.66697170","time":1713926162140,"isBuyerMaker":true},{"id":100089033,"price":"0.0001178900000000","qty":"73620838707.00000000","quoteQty":"8679160.67516823","time":1713926091449,"isBuyerMaker":true},{"id":100088736,"price":"0.0001181200000000","qty":"89996841925.00000000","quoteQty":"10630426.96818100","time":1713925907957,"isBuyerMaker":true},{"id":100088586,"price":"0.0001177600000000","qty":"43396373586.00000000","quoteQty":"5110356.95348736","time":1713925793977,"isBuyerMaker":true},{"id":100088309,"price":"0.0001177400000000","qty":"84033198915.00000000","quoteQty":"9894068.84025210","time":1713925698744,"isBuyerMaker":true},{"id":100088064,"price":"0.0001179400000000","qty":"27495870617.00000000","quoteQty":"27495870617.00000000","time":1713925478580,"isBuyerMaker":false},{"id":100087913,"price":"0.0001174900000000","qty":"64896872481.00000000","quoteQty":"7624733.54779269","time":1713925403674,"isBuyerMaker":true},{"id":100087795,"price":"0.0001175500000000","qty":"50028741602.00000000","quoteQty":"5880878.57531510","time":1713925347807,"isBuyerMaker":true},{"id":100087624,"price":"0.0001174800000000","qty":"56016830367.00000000","quoteQty":"6580857.23151516","time":1713925255089,"isBuyerMaker":true},{"id":100087508,"price":"0.0001175800000000","qty":"46743552187.00000000","quoteQty":"5496106.86614746","time":1713925183122,"isBuyerMaker":true},{"id":100087372,"price":"0.0001176200000000","qty":"20332663984.00000000","quoteQty":"2391527.93779808","time":1713925102449,"isBuyerMaker":true},{"id":100087193,"price":"0.0001175900000000","qty":"29676811001.00000000","quoteQty":"3489696.20560759","time":1713925022741,"isBuyerMaker":true},{"id":100087038,"price":"0.0001178800000000","qty":"32380105836.00000000","quoteQty":"3816966.87594768","time":1713924933566,"isBuyerMaker":true},{"id":100086949,"price":"0.0001181000000000","qty":"46112273986.00000000","quoteQty":"46112273986.00000000","time":1713924870241,"isBuyerMaker":false},{"id":100086862,"price":"0.0001176700000000","qty":"48896026544.00000000","quoteQty":"5753595.44343248","time":1713924813919,"isBuyerMaker":true},{"id":100086777,"price":"0.0001178100000000","qty":"20842635332.00000000","quoteQty":"2455470.86846292","time":1713924757700,"isBuyerMaker":true},{"id":100086404,"price":"0.0001178700000000","qty":"66868146220.00000000","quoteQty":"7881748.39495140","time":1713924582883,"isBuyerMaker":true},{"id":100086108,"price":"0.0001177700000000","qty":"55998707173.00000000","quoteQty":"6594967.74376421","time":1713924349109,"isBuyerMaker":true},{"id":100085853,"price":"0.0001175800000000","qty":"10993270185.00000000","quoteQty":"1292588.70835230","time":1713924125131,"isBuyerMaker":true},{"id":100085654,"price":"0.0001179200000000","qty":"49477535114.00000000","quoteQty":"49477535114.00000000","time":1713924043471,"isBuyerMaker":false},{"id":100085484,"price":"0.0001179400000000","qty":"43955368426.00000000","quoteQty":"43955368426.00000000","time":1713923945992,"isBuyerMaker":false},{"id":100085313,"price":"0.0001179600000000","qty":"34079317594.00000000","quoteQty":"34079317594.00000000","time":1713923860449,"isBuyerMaker":false},{"id":100085187,"price":"0.0001175800000000","qty":"63196640446.00000000","quoteQty":"7430660.98364068","time":1713923799491,"isBuyerMaker":true},{"id":100085002,"price":"0.0001175800000000","qty":"13188852616.00000000","quoteQty":"1550745.29058928","time":1713923715890,"isBuyerMaker":true},{"id":100084736,"price":"0.0001175900000000","qty":"67025455400.00000000","quoteQty":"7881523.30048600","time":1713923527527,"isBuyerMaker":true},{"id":100084561,"price":"0.0001176000000000","qty":"85607321578.00000000","quoteQty":"85607321578.00000000","time":1713923433133,"isBuyerMaker":false},{"id":100084393,"price":"0.0001178200000000","qty":"34054500826.00000000","quoteQty":"34054500826.00000000","time":1713923330771,"isBuyerMaker":false},{"id":100084288,"price":"0.0001175800000000","qty":"86786039358.00000000","quoteQty":"10204302.50771364","time":1713923255545,"isBuyerMaker":true},{"id":100084044,"price":"0.0001178800000000","qty":"14285393480.00000000","quoteQty":"14285393480.00000000","time":1713923157335,"isBuyerMaker":false},{"id":100083739,"price":"0.0001179000000000","qty":"81850915108.00000000","quoteQty":"81850915108.00000000","time":1713922938962,"isBuyerMaker":false},{"id":100083594,"price":"0.0001175600000000","qty":"37900407997.00000000","quoteQty":"4455571.96412732","time":1713922858470,"isBuyerMaker":true},{"id":100083519,"price":"0.0001175600000000","qty":"16479400716.00000000","quoteQty":"1937318.34817296","time":1713922804909,"isBuyerMaker":true},{"id":100083248,"price":"0.0001181700000000","qty":"12073828983.00000000","quoteQty":"12073828983.00000000","time":1713922716500,"isBuyerMaker":false},{"id":100083057,"price":"0.0001181500000000","qty":"26892898976.00000000","quoteQty":"26892898976.00000000","time":1713922621638,"isBuyerMaker":false},{"id":100082933,"price":"0.0001181800000000","qty":"46099164737.00000000","quoteQty":"46099164737.00000000","time":1713922555616,"isBuyerMaker":false},{"id":100082824,"price":"0.0001175600000000","qty":"34578664843.00000000","quoteQty":"4065067.83894308","time":1713922483240,"isBuyerMaker":true},{"id":100082647,"price":"0.0001180400000000","qty":"37869122371.00000000","quoteQty":"37869122371.00000000","time":1713922404249,"isBuyerMaker":false},{"id":100082473,"price":"0.0001180900000000","qty":"27999802329.00000000","quoteQty":"27999802329.00000000","time":1713922327906,"isBuyerMaker":false},{"id":100082284,"price":"0.0001173600000000","qty":"66243628942.00000000","quoteQty":"66243628942.00000000","time":1713922225502,"isBuyerMaker":false},{"id":100082058,"price":"0.0001167900000000","qty":"12148781073.00000000","quoteQty":"1418856.14151567","time":1713922118788,"isBuyerMaker":true},{"id":100081782,"price":"0.0001167900000000","qty":"61860527701.00000000","quoteQty":"7224691.03019979","time":1713922005397,"isBuyerMaker":true},{"id":100081550,"price":"0.0001167600000000","qty":"38110704292.00000000","quoteQty":"4449805.83313392","time":1713921930542,"isBuyerMaker":true},{"id":100081356,"price":"0.0001167300000000","qty":"20473750354.00000000","quoteQty":"20473750354.00000000","time":1713921847578,"isBuyerMaker":false},{"id":100081151,"price":"0.0001167400000000","qty":"33189125247.00000000","quoteQty":"3874498.48133478","time":1713921778811,"isBuyerMaker":true},{"id":100081108,"price":"0.0001176900000000","qty":"10832446789.00000000","quoteQty":"10805149023.09172000","time":1713921643577,"isBuyerMaker":false},{"id":100081107,"price":"0.0001176700000000","qty":"557002812.00000000","quoteQty":"555599164.91376000","time":1713921643325,"isBuyerMaker":false},{"id":100081106,"price":"0.0001176200000000","qty":"653180281.00000000","quoteQty":"651534266.69188000","time":1713921643097,"isBuyerMaker":false},{"id":100081105,"price":"0.0001176200000000","qty":"685429440.00000000","quoteQty":"683702157.81120000","time":1713921642649,"isBuyerMaker":false},{"id":100080908,"price":"0.0001169300000000","qty":"52653713717.00000000","quoteQty":"52653713717.00000000","time":1713921577740,"isBuyerMaker":false},{"id":100080802,"price":"0.0001168800000000","qty":"18298338948.00000000","quoteQty":"18298338948.00000000","time":1713921417142,"isBuyerMaker":false},{"id":100080635,"price":"0.0001169300000000","qty":"45468576751.00000000","quoteQty":"45468576751.00000000","time":1713921318214,"isBuyerMaker":false},{"id":100080460,"price":"0.0001168100000000","qty":"47144593243.00000000","quoteQty":"47144593243.00000000","time":1713921242920,"isBuyerMaker":false},{"id":100080309,"price":"0.0001162700000000","qty":"41634914561.00000000","quoteQty":"4840891.51600747","time":1713921149987,"isBuyerMaker":true},{"id":100080107,"price":"0.0001167900000000","qty":"48770181135.00000000","quoteQty":"48770181135.00000000","time":1713921039031,"isBuyerMaker":false},{"id":100079996,"price":"0.0001168300000000","qty":"23842379723.00000000","quoteQty":"23842379723.00000000","time":1713920980630,"isBuyerMaker":false},{"id":100079766,"price":"0.0001168200000000","qty":"21641650517.00000000","quoteQty":"21641650517.00000000","time":1713920879136,"isBuyerMaker":false},{"id":100079671,"price":"0.0001169900000000","qty":"80448873469.00000000","quoteQty":"80448873469.00000000","time":1713920836829,"isBuyerMaker":false},{"id":100079453,"price":"0.0001162800000000","qty":"53890002971.00000000","quoteQty":"6266329.54546788","time":1713920736016,"isBuyerMaker":true},{"id":100079311,"price":"0.0001164500000000","qty":"28904997725.00000000","quoteQty":"3365986.98507625","time":1713920680624,"isBuyerMaker":true},{"id":100079089,"price":"0.0001167100000000","qty":"38404249940.00000000","quoteQty":"38404249940.00000000","time":1713920562756,"isBuyerMaker":false},{"id":100078943,"price":"0.0001164300000000","qty":"89845526885.00000000","quoteQty":"10460714.69522055","time":1713920510603,"isBuyerMaker":true},{"id":100078918,"price":"0.0001163900000000","qty":"883353944.00000000","quoteQty":"883353944.00000000","time":1713920499240,"isBuyerMaker":false},{"id":100078814,"price":"0.0001163900000000","qty":"75165665504.00000000","quoteQty":"8748531.80801056","time":1713920439100,"isBuyerMaker":true},{"id":100078720,"price":"0.0001163400000000","qty":"84364378278.00000000","quoteQty":"9814951.76886252","time":1713920373795,"isBuyerMaker":true},{"id":100078714,"price":"0.0001168600000000","qty":"853671059.00000000","quoteQty":"99759.99995474","time":1713920373435,"isBuyerMaker":true},{"id":100078609,"price":"0.0001168600000000","qty":"36756254142.00000000","quoteQty":"36756254142.00000000","time":1713920315144,"isBuyerMaker":false},{"id":100078507,"price":"0.0001163500000000","qty":"83482121320.00000000","quoteQty":"9713144.81558200","time":1713920256490,"isBuyerMaker":true},{"id":100078281,"price":"0.0001164200000000","qty":"88469073197.00000000","quoteQty":"10299569.50159474","time":1713920159978,"isBuyerMaker":true},{"id":100078145,"price":"0.0001167700000000","qty":"27272195089.00000000","quoteQty":"27272195089.00000000","time":1713920088252,"isBuyerMaker":false},{"id":100078034,"price":"0.0001169100000000","qty":"74010615817.00000000","quoteQty":"74010615817.00000000","time":1713920012346,"isBuyerMaker":false},{"id":100077872,"price":"0.0001169700000000","qty":"68466635217.00000000","quoteQty":"68466635217.00000000","time":1713919912575,"isBuyerMaker":false},{"id":100077715,"price":"0.0001170300000000","qty":"46142470576.00000000","quoteQty":"46142470576.00000000","time":1713919831396,"isBuyerMaker":false},{"id":100077517,"price":"0.0001172000000000","qty":"66046021943.00000000","quoteQty":"66046021943.00000000","time":1713919735401,"isBuyerMaker":false},{"id":100077333,"price":"0.0001172000000000","qty":"47754115550.00000000","quoteQty":"47754115550.00000000","time":1713919552911,"isBuyerMaker":false},{"id":100077185,"price":"0.0001167400000000","qty":"50554886375.00000000","quoteQty":"5901777.43541750","time":1713919486506,"isBuyerMaker":true},{"id":100077030,"price":"0.0001171900000000","qty":"29428102883.00000000","quoteQty":"29428102883.00000000","time":1713919412922,"isBuyerMaker":false},{"id":100076890,"price":"0.0001171800000000","qty":"32765139755.00000000","quoteQty":"32765139755.00000000","time":1713919341407,"isBuyerMaker":false},{"id":100076716,"price":"0.0001172100000000","qty":"48238489844.00000000","quoteQty":"48238489844.00000000","time":1713919239867,"isBuyerMaker":false},{"id":100076401,"price":"0.0001170600000000","qty":"11674186769.00000000","quoteQty":"11674186769.00000000","time":1713919121522,"isBuyerMaker":false},{"id":100076049,"price":"0.0001170100000000","qty":"26145749030.00000000","quoteQty":"26145749030.00000000","time":1713918904579,"isBuyerMaker":false},{"id":100075925,"price":"0.0001165500000000","qty":"18923654728.00000000","quoteQty":"2205551.95854840","time":1713918827650,"isBuyerMaker":true},{"id":100075734,"price":"0.0001165500000000","qty":"69018659470.00000000","quoteQty":"8044124.76122850","time":1713918729939,"isBuyerMaker":true},{"id":100075636,"price":"0.0001170800000000","qty":"51707244822.00000000","quoteQty":"51707244822.00000000","time":1713918645095,"isBuyerMaker":false},{"id":100075419,"price":"0.0001166700000000","qty":"31708436251.00000000","quoteQty":"3699423.25740417","time":1713918533100,"isBuyerMaker":true},{"id":100075199,"price":"0.0001167500000000","qty":"44492066198.00000000","quoteQty":"5194448.72861650","time":1713918354490,"isBuyerMaker":true},{"id":100075094,"price":"0.0001170000000000","qty":"39472439541.00000000","quoteQty":"39472439541.00000000","time":1713918290715,"isBuyerMaker":false},{"id":100074987,"price":"0.0001169300000000","qty":"43390775868.00000000","quoteQty":"43390775868.00000000","time":1713918231736,"isBuyerMaker":false},{"id":100074824,"price":"0.0001169700000000","qty":"32240725110.00000000","quoteQty":"32240725110.00000000","time":1713918155631,"isBuyerMaker":false},{"id":100074672,"price":"0.0001166700000000","qty":"29458670085.00000000","quoteQty":"3436943.03881695","time":1713918062627,"isBuyerMaker":true},{"id":100074541,"price":"0.0001168000000000","qty":"63417020740.00000000","quoteQty":"63417020740.00000000","time":1713917983518,"isBuyerMaker":false},{"id":100074395,"price":"0.0001169400000000","qty":"84424618738.00000000","quoteQty":"84424618738.00000000","time":1713917894085,"isBuyerMaker":false},{"id":100074255,"price":"0.0001166300000000","qty":"80080285561.00000000","quoteQty":"9339763.70497943","time":1713917817559,"isBuyerMaker":true},{"id":100074080,"price":"0.0001166300000000","qty":"83406651993.00000000","quoteQty":"9727717.82194359","time":1713917755365,"isBuyerMaker":true},{"id":100073860,"price":"0.0001168800000000","qty":"48912426560.00000000","quoteQty":"48912426560.00000000","time":1713917543445,"isBuyerMaker":false},{"id":100073712,"price":"0.0001169100000000","qty":"46132462084.00000000","quoteQty":"46132462084.00000000","time":1713917458485,"isBuyerMaker":false},{"id":100073552,"price":"0.0001166200000000","qty":"12228932055.00000000","quoteQty":"1426138.05625410","time":1713917366298,"isBuyerMaker":true},{"id":100073399,"price":"0.0001165500000000","qty":"40045468064.00000000","quoteQty":"4667299.30285920","time":1713917290868,"isBuyerMaker":true},{"id":100073296,"price":"0.0001164900000000","qty":"69559677366.00000000","quoteQty":"8103006.81636534","time":1713917240688,"isBuyerMaker":true},{"id":100073057,"price":"0.0001165400000000","qty":"67868513222.00000000","quoteQty":"7909396.53089188","time":1713917126820,"isBuyerMaker":true},{"id":100072879,"price":"0.0001165500000000","qty":"77877339227.00000000","quoteQty":"9076603.88690685","time":1713917037825,"isBuyerMaker":true},{"id":100072701,"price":"0.0001165100000000","qty":"41722874310.00000000","quoteQty":"4861132.08585810","time":1713916954521,"isBuyerMaker":true},{"id":100072568,"price":"0.0001168200000000","qty":"23369962460.00000000","quoteQty":"23369962460.00000000","time":1713916893818,"isBuyerMaker":false},{"id":100072371,"price":"0.0001168400000000","qty":"58424179069.00000000","quoteQty":"58424179069.00000000","time":1713916793230,"isBuyerMaker":false},{"id":100072231,"price":"0.0001168100000000","qty":"67336078316.00000000","quoteQty":"67336078316.00000000","time":1713916727611,"isBuyerMaker":false},{"id":100072137,"price":"0.0001173300000000","qty":"3715834776.00000000","quoteQty":"3705430438.62720000","time":1713916675375,"isBuyerMaker":false},{"id":100072120,"price":"0.0001167300000000","qty":"67927919587.00000000","quoteQty":"67927919587.00000000","time":1713916665914,"isBuyerMaker":false},{"id":100071982,"price":"0.0001167000000000","qty":"74607856667.00000000","quoteQty":"74607856667.00000000","time":1713916588489,"isBuyerMaker":false},{"id":100071915,"price":"0.0001167500000000","qty":"84063666988.00000000","quoteQty":"84063666988.00000000","time":1713916546738,"isBuyerMaker":false},{"id":100071773,"price":"0.0001164700000000","qty":"86302529345.00000000","quoteQty":"10051655.59281215","time":1713916476788,"isBuyerMaker":true},{"id":100071640,"price":"0.0001164800000000","qty":"34520152192.00000000","quoteQty":"4020907.32732416","time":1713916421202,"isBuyerMaker":true},{"id":100071494,"price":"0.0001165000000000","qty":"69579568365.00000000","quoteQty":"8106019.71452250","time":1713916339163,"isBuyerMaker":true},{"id":100071388,"price":"0.0001168000000000","qty":"80154521442.00000000","quoteQty":"80154521442.00000000","time":1713916286650,"isBuyerMaker":false},{"id":100071231,"price":"0.0001165500000000","qty":"13353308553.00000000","quoteQty":"1556328.11185215","time":1713916181641,"isBuyerMaker":true},{"id":100071172,"price":"0.0001165500000000","qty":"60079114783.00000000","quoteQty":"7002220.82795865","time":1713916137199,"isBuyerMaker":true},{"id":100070876,"price":"0.0001166000000000","qty":"31151658052.00000000","quoteQty":"3632283.32886320","time":1713916038041,"isBuyerMaker":true},{"id":100070777,"price":"0.0001162100000000","qty":"5872737697.00000000","quoteQty":"5872737697.00000000","time":1713915888898,"isBuyerMaker":false},{"id":100070739,"price":"0.0001162100000000","qty":"2778518633.00000000","quoteQty":"321761.52956474","time":1713915876916,"isBuyerMaker":true},{"id":100070707,"price":"0.0001170000000000","qty":"20563059335.00000000","quoteQty":"20563059335.00000000","time":1713915862465,"isBuyerMaker":false},{"id":100070624,"price":"0.0001169100000000","qty":"41147646587.00000000","quoteQty":"41147646587.00000000","time":1713915810681,"isBuyerMaker":false},{"id":100070505,"price":"0.0001169600000000","qty":"93389318877.00000000","quoteQty":"93389318877.00000000","time":1713915755653,"isBuyerMaker":false},{"id":100070392,"price":"0.0001166100000000","qty":"88963773754.00000000","quoteQty":"10374065.65745394","time":1713915700171,"isBuyerMaker":true},{"id":100070250,"price":"0.0001165600000000","qty":"89549182977.00000000","quoteQty":"10437852.76779912","time":1713915627853,"isBuyerMaker":true},{"id":100070169,"price":"0.0001168100000000","qty":"65078620133.00000000","quoteQty":"65078620133.00000000","time":1713915582195,"isBuyerMaker":false},{"id":100070063,"price":"0.0001168900000000","qty":"35582880320.00000000","quoteQty":"35582880320.00000000","time":1713915528040,"isBuyerMaker":false},{"id":100069904,"price":"0.0001166300000000","qty":"47822163108.00000000","quoteQty":"5577498.88328604","time":1713915443103,"isBuyerMaker":true},{"id":100069828,"price":"0.0001169200000000","qty":"85039181861.00000000","quoteQty":"85039181861.00000000","time":1713915400178,"isBuyerMaker":false},{"id":100069707,"price":"0.0001167200000000","qty":"92813804847.00000000","quoteQty":"10833227.30174184","time":1713915330159,"isBuyerMaker":true},{"id":100069572,"price":"0.0001169200000000","qty":"10001784784.00000000","quoteQty":"10001784784.00000000","time":1713915265751,"isBuyerMaker":false},{"id":100069443,"price":"0.0001169200000000","qty":"46120481325.00000000","quoteQty":"46120481325.00000000","time":1713915208215,"isBuyerMaker":false},{"id":100069318,"price":"0.0001169200000000","qty":"10556104222.00000000","quoteQty":"10556104222.00000000","time":1713915136626,"isBuyerMaker":false},{"id":100069201,"price":"0.0001167700000000","qty":"6704405233.00000000","quoteQty":"782873.39905741","time":1713915086354,"isBuyerMaker":true},{"id":100069198,"price":"0.0001168500000000","qty":"14404749679.00000000","quoteQty":"1683194.99999115","time":1713915085956,"isBuyerMaker":true},{"id":100069055,"price":"0.0001173100000000","qty":"65927372317.00000000","quoteQty":"65927372317.00000000","time":1713914991801,"isBuyerMaker":false},{"id":100068945,"price":"0.0001170900000000","qty":"48827317355.00000000","quoteQty":"48827317355.00000000","time":1713914921625,"isBuyerMaker":false},{"id":100068672,"price":"0.0001168800000000","qty":"9994136420.00000000","quoteQty":"1168114.66476960","time":1713914844739,"isBuyerMaker":true},{"id":100068431,"price":"0.0001173400000000","qty":"22697601207.00000000","quoteQty":"22697601207.00000000","time":1713914642581,"isBuyerMaker":false},{"id":100068245,"price":"0.0001173200000000","qty":"73161385912.00000000","quoteQty":"73161385912.00000000","time":1713914543271,"isBuyerMaker":false},{"id":100068114,"price":"0.0001171900000000","qty":"57557055633.00000000","quoteQty":"6745111.34963127","time":1713914459046,"isBuyerMaker":true},{"id":100068008,"price":"0.0001174300000000","qty":"14398250454.00000000","quoteQty":"14398250454.00000000","time":1713914393950,"isBuyerMaker":false},{"id":100067751,"price":"0.0001175200000000","qty":"42040426327.00000000","quoteQty":"42040426327.00000000","time":1713914214667,"isBuyerMaker":false},{"id":100067631,"price":"0.0001173100000000","qty":"21062482702.00000000","quoteQty":"21062482702.00000000","time":1713914152755,"isBuyerMaker":false},{"id":100067501,"price":"0.0001170000000000","qty":"43803088791.00000000","quoteQty":"5124961.38854700","time":1713914067081,"isBuyerMaker":true},{"id":100067396,"price":"0.0001173400000000","qty":"65986940332.00000000","quoteQty":"65986940332.00000000","time":1713914010676,"isBuyerMaker":false},{"id":100067160,"price":"0.0001170600000000","qty":"17738422600.00000000","quoteQty":"2076459.74955600","time":1713913905085,"isBuyerMaker":true},{"id":100067028,"price":"0.0001175000000000","qty":"67579040555.00000000","quoteQty":"67579040555.00000000","time":1713913828055,"isBuyerMaker":false},{"id":100066896,"price":"0.0001175000000000","qty":"24930376921.00000000","quoteQty":"24930376921.00000000","time":1713913746950,"isBuyerMaker":false},{"id":100066783,"price":"0.0001175000000000","qty":"21061278160.00000000","quoteQty":"21061278160.00000000","time":1713913662445,"isBuyerMaker":false},{"id":100066170,"price":"0.0001175900000000","qty":"20490586283.00000000","quoteQty":"20490586283.00000000","time":1713913584247,"isBuyerMaker":false},{"id":100065704,"price":"0.0001173600000000","qty":"23333439192.00000000","quoteQty":"2738412.42357312","time":1713913368822,"isBuyerMaker":true},{"id":100065698,"price":"0.0001178300000000","qty":"424340152.00000000","quoteQty":"50000.00011016","time":1713913368254,"isBuyerMaker":true},{"id":100065543,"price":"0.0001178500000000","qty":"27036121150.00000000","quoteQty":"27036121150.00000000","time":1713913291168,"isBuyerMaker":false},{"id":100065384,"price":"0.0001178300000000","qty":"37530011762.00000000","quoteQty":"37530011762.00000000","time":1713913195958,"isBuyerMaker":false},{"id":100065315,"price":"0.0001177500000000","qty":"17624785305.00000000","quoteQty":"2075318.46966375","time":1713913149141,"isBuyerMaker":true},{"id":100065208,"price":"0.0001172700000000","qty":"506866733.00000000","quoteQty":"59232.22086268","time":1713913099045,"isBuyerMaker":true},{"id":100065158,"price":"0.0001181100000000","qty":"22571894039.00000000","quoteQty":"22571894039.00000000","time":1713913077211,"isBuyerMaker":false},{"id":100064962,"price":"0.0001174900000000","qty":"24807046925.00000000","quoteQty":"2914579.94321825","time":1713912981473,"isBuyerMaker":true},{"id":100064716,"price":"0.0001171700000000","qty":"41998684504.00000000","quoteQty":"4920985.86333368","time":1713912871675,"isBuyerMaker":true},{"id":100064493,"price":"0.0001177300000000","qty":"9360050636.00000000","quoteQty":"9360050636.00000000","time":1713912807675,"isBuyerMaker":false},{"id":100064145,"price":"0.0001177300000000","qty":"34578281648.00000000","quoteQty":"4070901.09841904","time":1713912679783,"isBuyerMaker":true},{"id":100064070,"price":"0.0001175000000000","qty":"1170631233.00000000","quoteQty":"1170631233.00000000","time":1713912659688,"isBuyerMaker":false},{"id":100063932,"price":"0.0001175000000000","qty":"47941754624.00000000","quoteQty":"5633156.16832000","time":1713912476240,"isBuyerMaker":true},{"id":100063788,"price":"0.0001174500000000","qty":"39133330847.00000000","quoteQty":"4596209.70798015","time":1713912385310,"isBuyerMaker":true},{"id":100063664,"price":"0.0001174600000000","qty":"54573583775.00000000","quoteQty":"6410213.15021150","time":1713912302768,"isBuyerMaker":true},{"id":100063563,"price":"0.0001178300000000","qty":"78801307231.00000000","quoteQty":"78801307231.00000000","time":1713912246054,"isBuyerMaker":false},{"id":100063416,"price":"0.0001177700000000","qty":"15436938802.00000000","quoteQty":"15436938802.00000000","time":1713912156654,"isBuyerMaker":false},{"id":100063301,"price":"0.0001178300000000","qty":"48489378323.00000000","quoteQty":"48489378323.00000000","time":1713912093403,"isBuyerMaker":false},{"id":100063295,"price":"0.0001169200000000","qty":"472802458.00000000","quoteQty":"55086.58316750","time":1713912091373,"isBuyerMaker":true},{"id":100063294,"price":"0.0001172900000000","qty":"736337283.00000000","quoteQty":"86062.72242334","time":1713912091056,"isBuyerMaker":true},{"id":100063193,"price":"0.0001177100000000","qty":"77013176062.00000000","quoteQty":"9065220.95425802","time":1713912026544,"isBuyerMaker":true},{"id":100063060,"price":"0.0001179800000000","qty":"53361569197.00000000","quoteQty":"53361569197.00000000","time":1713911944778,"isBuyerMaker":false},{"id":100062977,"price":"0.0001178100000000","qty":"70401174757.00000000","quoteQty":"8293962.39812217","time":1713911906679,"isBuyerMaker":true},{"id":100062823,"price":"0.0001176800000000","qty":"33569290657.00000000","quoteQty":"3950434.12451576","time":1713911820323,"isBuyerMaker":true},{"id":100062696,"price":"0.0001176900000000","qty":"15957923164.00000000","quoteQty":"1878087.97717116","time":1713911768482,"isBuyerMaker":true},{"id":100062637,"price":"0.0001174700000000","qty":"2773151384.00000000","quoteQty":"324735.94248528","time":1713911732783,"isBuyerMaker":true},{"id":100062594,"price":"0.0001180000000000","qty":"29643386976.00000000","quoteQty":"3497919.66316800","time":1713911707213,"isBuyerMaker":true},{"id":100062422,"price":"0.0001180200000000","qty":"31285071186.00000000","quoteQty":"3692264.10137172","time":1713911616794,"isBuyerMaker":true},{"id":100062251,"price":"0.0001180000000000","qty":"81267447333.00000000","quoteQty":"9589558.78529400","time":1713911520420,"isBuyerMaker":true},{"id":100062104,"price":"0.0001184700000000","qty":"75164364933.00000000","quoteQty":"75164364933.00000000","time":1713911458486,"isBuyerMaker":false},{"id":100061982,"price":"0.0001180700000000","qty":"35784587876.00000000","quoteQty":"35784587876.00000000","time":1713911379972,"isBuyerMaker":false},{"id":100061874,"price":"0.0001176100000000","qty":"30835400197.00000000","quoteQty":"3626551.41716917","time":1713911316332,"isBuyerMaker":true},{"id":100061784,"price":"0.0001180900000000","qty":"12112906333.00000000","quoteQty":"12112906333.00000000","time":1713911261891,"isBuyerMaker":false},{"id":100061595,"price":"0.0001176600000000","qty":"69913898210.00000000","quoteQty":"8226069.26338860","time":1713911156572,"isBuyerMaker":true},{"id":100061442,"price":"0.0001178900000000","qty":"22549749448.00000000","quoteQty":"2658389.96242472","time":1713911072106,"isBuyerMaker":true},{"id":100061374,"price":"0.0001180200000000","qty":"57784316096.00000000","quoteQty":"57784316096.00000000","time":1713911017099,"isBuyerMaker":false},{"id":100061271,"price":"0.0001180200000000","qty":"74919362045.00000000","quoteQty":"74919362045.00000000","time":1713910957906,"isBuyerMaker":false},{"id":100061055,"price":"0.0001176100000000","qty":"35129979643.00000000","quoteQty":"4131636.90581323","time":1713910843132,"isBuyerMaker":true},{"id":100061049,"price":"0.0001184700000000","qty":"111097834.00000000","quoteQty":"13161.76039398","time":1713910842926,"isBuyerMaker":true},{"id":100060970,"price":"0.0001184700000000","qty":"698735879.00000000","quoteQty":"696290303.42350000","time":1713910804581,"isBuyerMaker":false},{"id":100060964,"price":"0.0001175900000000","qty":"13218079017.00000000","quoteQty":"1554313.91160903","time":1713910804366,"isBuyerMaker":true},{"id":100060763,"price":"0.0001181400000000","qty":"86924411753.00000000","quoteQty":"86924411753.00000000","time":1713910709685,"isBuyerMaker":false},{"id":100060610,"price":"0.0001181200000000","qty":"75914314954.00000000","quoteQty":"75914314954.00000000","time":1713910624871,"isBuyerMaker":false},{"id":100060471,"price":"0.0001175800000000","qty":"21794769761.00000000","quoteQty":"2562629.02849838","time":1713910540488,"isBuyerMaker":true},{"id":100060465,"price":"0.0001175900000000","qty":"8507611054.00000000","quoteQty":"1000409.98383986","time":1713910540251,"isBuyerMaker":true},{"id":100060350,"price":"0.0001179700000000","qty":"62707055147.00000000","quoteQty":"62707055147.00000000","time":1713910489495,"isBuyerMaker":false},{"id":100060348,"price":"0.0001175900000000","qty":"492388946.00000000","quoteQty":"57697.36610358","time":1713910489420,"isBuyerMaker":true},{"id":100060344,"price":"0.0001179600000000","qty":"16629118952.00000000","quoteQty":"16629118952.00000000","time":1713910489111,"isBuyerMaker":false},{"id":100060095,"price":"0.0001179600000000","qty":"423872500.00000000","quoteQty":"422388946.25000000","time":1713910330010,"isBuyerMaker":false},{"id":100059977,"price":"0.0001178800000000","qty":"35843140084.00000000","quoteQty":"35843140084.00000000","time":1713910239630,"isBuyerMaker":false},{"id":100059882,"price":"0.0001178800000000","qty":"508646998.00000000","quoteQty":"506866733.50700000","time":1713910091184,"isBuyerMaker":false},{"id":100059709,"price":"0.0001175900000000","qty":"72705013604.00000000","quoteQty":"8549382.54969436","time":1713910010643,"isBuyerMaker":true},{"id":100059548,"price":"0.0001177900000000","qty":"40197102443.00000000","quoteQty":"40197102443.00000000","time":1713909941771,"isBuyerMaker":false},{"id":100059423,"price":"0.0001178800000000","qty":"87504377402.00000000","quoteQty":"87504377402.00000000","time":1713909876759,"isBuyerMaker":false},{"id":100059335,"price":"0.0001178800000000","qty":"61096366649.00000000","quoteQty":"61096366649.00000000","time":1713909829354,"isBuyerMaker":false},{"id":100059199,"price":"0.0001179600000000","qty":"24223176436.00000000","quoteQty":"24223176436.00000000","time":1713909760662,"isBuyerMaker":false},{"id":100059019,"price":"0.0001179700000000","qty":"91392465618.00000000","quoteQty":"91392465618.00000000","time":1713909701723,"isBuyerMaker":false},{"id":100058842,"price":"0.0001171000000000","qty":"2631338639.00000000","quoteQty":"307051.30048571","time":1713909612823,"isBuyerMaker":true},{"id":100058833,"price":"0.0001175900000000","qty":"23134144079.00000000","quoteQty":"2720344.00224961","time":1713909606160,"isBuyerMaker":true},{"id":100058711,"price":"0.0001178400000000","qty":"46286133245.00000000","quoteQty":"46286133245.00000000","time":1713909527429,"isBuyerMaker":false},{"id":100058545,"price":"0.0001179100000000","qty":"21478893183.00000000","quoteQty":"21478893183.00000000","time":1713909449696,"isBuyerMaker":false},{"id":100058331,"price":"0.0001178300000000","qty":"32509140490.00000000","quoteQty":"32509140490.00000000","time":1713909338504,"isBuyerMaker":false},{"id":100058261,"price":"0.0001176000000000","qty":"34290727386.00000000","quoteQty":"4032589.54059360","time":1713909286724,"isBuyerMaker":true},{"id":100058256,"price":"0.0001178000000000","qty":"424448218.00000000","quoteQty":"50000.00008040","time":1713909286374,"isBuyerMaker":true},{"id":100058172,"price":"0.0001179100000000","qty":"82057495318.00000000","quoteQty":"82057495318.00000000","time":1713909231725,"isBuyerMaker":false},{"id":100058020,"price":"0.0001178000000000","qty":"45139368318.00000000","quoteQty":"5317417.58786040","time":1713909155960,"isBuyerMaker":true},{"id":100057899,"price":"0.0001177700000000","qty":"86457716128.00000000","quoteQty":"10182125.22839456","time":1713909102354,"isBuyerMaker":true},{"id":100057752,"price":"0.0001180300000000","qty":"18175297309.00000000","quoteQty":"18175297309.00000000","time":1713909034616,"isBuyerMaker":false},{"id":100057652,"price":"0.0001188500000000","qty":"1559280090.00000000","quoteQty":"1553822609.68500000","time":1713908965814,"isBuyerMaker":false},{"id":100057651,"price":"0.0001188100000000","qty":"651329104.00000000","quoteQty":"649049452.13600000","time":1713908965640,"isBuyerMaker":false},{"id":100057650,"price":"0.0001187600000000","qty":"657342330.00000000","quoteQty":"655041631.84500000","time":1713908965493,"isBuyerMaker":false},{"id":100057649,"price":"0.0001187200000000","qty":"6013559890.00000000","quoteQty":"5992512430.38500000","time":1713908965344,"isBuyerMaker":false},{"id":100057582,"price":"0.0001177500000000","qty":"18176635962.00000000","quoteQty":"2140298.88452550","time":1713908930628,"isBuyerMaker":true},{"id":100057488,"price":"0.0001178200000000","qty":"75400303705.00000000","quoteQty":"8883663.78252310","time":1713908871718,"isBuyerMaker":true},{"id":100057347,"price":"0.0001178500000000","qty":"55029456028.00000000","quoteQty":"6485221.39289980","time":1713908775500,"isBuyerMaker":true},{"id":100057265,"price":"0.0001179400000000","qty":"31977290299.00000000","quoteQty":"31977290299.00000000","time":1713908724921,"isBuyerMaker":false},{"id":100057011,"price":"0.0001173500000000","qty":"816105666.00000000","quoteQty":"95769.99990510","time":1713908641388,"isBuyerMaker":true},{"id":100057008,"price":"0.0001173100000000","qty":"12497943023.00000000","quoteQty":"1466133.69602813","time":1713908641115,"isBuyerMaker":true},{"id":100056986,"price":"0.0001173500000000","qty":"5476285762.00000000","quoteQty":"642642.13417070","time":1713908640386,"isBuyerMaker":true},{"id":100056725,"price":"0.0001174600000000","qty":"87512536534.00000000","quoteQty":"87512536534.00000000","time":1713908345809,"isBuyerMaker":false},{"id":100056536,"price":"0.0001174400000000","qty":"16372510659.00000000","quoteQty":"16372510659.00000000","time":1713908254170,"isBuyerMaker":false},{"id":100056503,"price":"0.0001177400000000","qty":"12983285204.00000000","quoteQty":"1528651.99991896","time":1713908235617,"isBuyerMaker":true},{"id":100056426,"price":"0.0001170300000000","qty":"27135877904.00000000","quoteQty":"3175711.79110512","time":1713908201142,"isBuyerMaker":true},{"id":100056280,"price":"0.0001175900000000","qty":"10502544994.00000000","quoteQty":"10502544994.00000000","time":1713908115401,"isBuyerMaker":false},{"id":100056177,"price":"0.0001172800000000","qty":"50851703980.00000000","quoteQty":"5963887.84277440","time":1713908048475,"isBuyerMaker":true},{"id":100056057,"price":"0.0001172500000000","qty":"19899910777.00000000","quoteQty":"2333264.53860325","time":1713907964929,"isBuyerMaker":true},{"id":100055805,"price":"0.0001175700000000","qty":"23201190386.00000000","quoteQty":"23201190386.00000000","time":1713907872380,"isBuyerMaker":false},{"id":100055577,"price":"0.0001172500000000","qty":"75333386487.00000000","quoteQty":"75333386487.00000000","time":1713907642005,"isBuyerMaker":false},{"id":100055571,"price":"0.0001172500000000","qty":"8346729211.00000000","quoteQty":"8323441836.50131000","time":1713907638966,"isBuyerMaker":false},{"id":100055356,"price":"0.0001175400000000","qty":"74512153637.00000000","quoteQty":"74512153637.00000000","time":1713907528164,"isBuyerMaker":false},{"id":100055347,"price":"0.0001170500000000","qty":"655532805.00000000","quoteQty":"655532805.00000000","time":1713907527400,"isBuyerMaker":false},{"id":100055289,"price":"0.0001170500000000","qty":"3344467195.00000000","quoteQty":"390377.68419511","time":1713907497260,"isBuyerMaker":true},{"id":100055157,"price":"0.0001171000000000","qty":"9956084983.00000000","quoteQty":"1165857.55150930","time":1713907426026,"isBuyerMaker":true},{"id":100054999,"price":"0.0001170600000000","qty":"57552629709.00000000","quoteQty":"6737110.83373554","time":1713907342640,"isBuyerMaker":true},{"id":100054922,"price":"0.0001170700000000","qty":"12171508779.00000000","quoteQty":"1424918.53275753","time":1713907298750,"isBuyerMaker":true},{"id":100054785,"price":"0.0001172500000000","qty":"68551959127.00000000","quoteQty":"8037717.20764075","time":1713907199912,"isBuyerMaker":true},{"id":100054652,"price":"0.0001171700000000","qty":"56385825892.00000000","quoteQty":"6606727.21976564","time":1713907140682,"isBuyerMaker":true},{"id":100054648,"price":"0.0001172500000000","qty":"5017279317.00000000","quoteQty":"588275.99991825","time":1713907139621,"isBuyerMaker":true},{"id":100054372,"price":"0.0001170400000000","qty":"86356047647.00000000","quoteQty":"10107111.81660488","time":1713906924860,"isBuyerMaker":true},{"id":100054182,"price":"0.0001170000000000","qty":"22137790525.00000000","quoteQty":"2590121.49142500","time":1713906816865,"isBuyerMaker":true},{"id":100054127,"price":"0.0001180300000000","qty":"225411733.00000000","quoteQty":"224622791.93450000","time":1713906778169,"isBuyerMaker":false},{"id":100054120,"price":"0.0001174300000000","qty":"451332709.00000000","quoteQty":"449753044.51850000","time":1713906777845,"isBuyerMaker":false},{"id":100053987,"price":"0.0001174200000000","qty":"34350333681.00000000","quoteQty":"34350333681.00000000","time":1713906714561,"isBuyerMaker":false},{"id":100053816,"price":"0.0001174300000000","qty":"32704515181.00000000","quoteQty":"32704515181.00000000","time":1713906601075,"isBuyerMaker":false},{"id":100053683,"price":"0.0001174900000000","qty":"23832226471.00000000","quoteQty":"23832226471.00000000","time":1713906532858,"isBuyerMaker":false},{"id":100053521,"price":"0.0001169500000000","qty":"58451759101.00000000","quoteQty":"6835933.22686195","time":1713906431412,"isBuyerMaker":true},{"id":100053520,"price":"0.0001170000000000","qty":"14694017094.00000000","quoteQty":"1719199.99999800","time":1713906431148,"isBuyerMaker":true},{"id":100053410,"price":"0.0001170000000000","qty":"2400000000.00000000","quoteQty":"279817.20000000","time":1713906381285,"isBuyerMaker":true},{"id":100053369,"price":"0.0001174600000000","qty":"84781524649.00000000","quoteQty":"84781524649.00000000","time":1713906375193,"isBuyerMaker":false},{"id":100053028,"price":"0.0001171100000000","qty":"38849381358.00000000","quoteQty":"38849381358.00000000","time":1713906148020,"isBuyerMaker":false},{"id":100052869,"price":"0.0001172000000000","qty":"52515952664.00000000","quoteQty":"6154869.65222080","time":1713905960879,"isBuyerMaker":true},{"id":100052588,"price":"0.0001172300000000","qty":"51390316038.00000000","quoteQty":"6024486.74913474","time":1713905856131,"isBuyerMaker":true},{"id":100052346,"price":"0.0001172300000000","qty":"54671611458.00000000","quoteQty":"6409153.01122134","time":1713905679155,"isBuyerMaker":true},{"id":100052225,"price":"0.0001172300000000","qty":"81139846657.00000000","quoteQty":"9512024.22360011","time":1713905616291,"isBuyerMaker":true},{"id":100052154,"price":"0.0001176000000000","qty":"88365664667.00000000","quoteQty":"88365664667.00000000","time":1713905572074,"isBuyerMaker":false},{"id":100052038,"price":"0.0001171700000000","qty":"23752326503.00000000","quoteQty":"2783060.09635651","time":1713905514442,"isBuyerMaker":true},{"id":100051856,"price":"0.0001174700000000","qty":"39197299741.00000000","quoteQty":"39197299741.00000000","time":1713905433896,"isBuyerMaker":false},{"id":100051748,"price":"0.0001168800000000","qty":"67509437560.00000000","quoteQty":"7890503.06201280","time":1713905368275,"isBuyerMaker":true},{"id":100051579,"price":"0.0001168200000000","qty":"16057123176.00000000","quoteQty":"1875793.12942032","time":1713905277187,"isBuyerMaker":true},{"id":100051443,"price":"0.0001172900000000","qty":"33799681327.00000000","quoteQty":"33799681327.00000000","time":1713905198832,"isBuyerMaker":false},{"id":100051436,"price":"0.0001161400000000","qty":"16538538279.00000000","quoteQty":"1915407.63538304","time":1713905194548,"isBuyerMaker":true},{"id":100051340,"price":"0.0001167600000000","qty":"70373079410.00000000","quoteQty":"8216760.75191160","time":1713905142702,"isBuyerMaker":true},{"id":100051089,"price":"0.0001161400000000","qty":"7749268124.00000000","quoteQty":"896849.99992164","time":1713905061683,"isBuyerMaker":true},{"id":100051074,"price":"0.0001171900000000","qty":"37115711850.00000000","quoteQty":"37115711850.00000000","time":1713905060603,"isBuyerMaker":false},{"id":100051001,"price":"0.0001161400000000","qty":"1648076162.00000000","quoteQty":"190804.63162350","time":1713905022523,"isBuyerMaker":true},{"id":100050912,"price":"0.0001161400000000","qty":"81350727303.00000000","quoteQty":"9423508.47795110","time":1713904934634,"isBuyerMaker":true},{"id":100050911,"price":"0.0001161500000000","qty":"27678886438.00000000","quoteQty":"3206543.91285829","time":1713904934423,"isBuyerMaker":true},{"id":100050910,"price":"0.0001161900000000","qty":"27668232044.00000000","quoteQty":"3206413.47430126","time":1713904934229,"isBuyerMaker":true},{"id":100050909,"price":"0.0001162000000000","qty":"35475490448.00000000","quoteQty":"4111534.13488345","time":1713904934000,"isBuyerMaker":true},{"id":100050747,"price":"0.0001168800000000","qty":"56505431184.00000000","quoteQty":"56505431184.00000000","time":1713904847542,"isBuyerMaker":false},{"id":100050662,"price":"0.0001168300000000","qty":"64273831264.00000000","quoteQty":"64273831264.00000000","time":1713904785821,"isBuyerMaker":false},{"id":100050522,"price":"0.0001176300000000","qty":"14856600582.00000000","quoteQty":"14856600582.00000000","time":1713904723044,"isBuyerMaker":false},{"id":100050375,"price":"0.0001172400000000","qty":"41610953781.00000000","quoteQty":"4878468.22128444","time":1713904661853,"isBuyerMaker":true},{"id":100050371,"price":"0.0001180200000000","qty":"10181484068.00000000","quoteQty":"1201618.74970536","time":1713904661350,"isBuyerMaker":true},{"id":100050219,"price":"0.0001180200000000","qty":"7604809551.00000000","quoteQty":"895006.56826403","time":1713904629221,"isBuyerMaker":true},{"id":100050193,"price":"0.0001180200000000","qty":"63696083394.00000000","quoteQty":"63473147102.12100000","time":1713904606326,"isBuyerMaker":false},{"id":100050192,"price":"0.0001180200000000","qty":"3276723139.00000000","quoteQty":"3265254608.01350000","time":1713904606032,"isBuyerMaker":false},{"id":100050073,"price":"0.0001173800000000","qty":"205930974103.00000000","quoteQty":"24172177.74021014","time":1713904463282,"isBuyerMaker":true},{"id":100050072,"price":"0.0001174200000000","qty":"685429440.00000000","quoteQty":"80483.12484480","time":1713904463092,"isBuyerMaker":true},{"id":100050028,"price":"0.0001183100000000","qty":"31784449802.00000000","quoteQty":"31784449802.00000000","time":1713904445766,"isBuyerMaker":false},{"id":100049733,"price":"0.0001179200000000","qty":"14287563156.00000000","quoteQty":"14287563156.00000000","time":1713904336022,"isBuyerMaker":false},{"id":100049610,"price":"0.0001171600000000","qty":"1893330151.00000000","quoteQty":"221046.18152944","time":1713904221578,"isBuyerMaker":true},{"id":100049342,"price":"0.0001178500000000","qty":"23635895986.00000000","quoteQty":"23635895986.00000000","time":1713904099960,"isBuyerMaker":false},{"id":100049124,"price":"0.0001176800000000","qty":"17564574902.00000000","quoteQty":"2066999.17446736","time":1713903923034,"isBuyerMaker":true},{"id":100048909,"price":"0.0001179000000000","qty":"70720557825.00000000","quoteQty":"8337953.76756750","time":1713903864020,"isBuyerMaker":true},{"id":100048730,"price":"0.0001181600000000","qty":"26294577118.00000000","quoteQty":"26294577118.00000000","time":1713903786153,"isBuyerMaker":false},{"id":100048488,"price":"0.0001176200000000","qty":"33489006877.00000000","quoteQty":"3938976.98887274","time":1713903706391,"isBuyerMaker":true},{"id":100048395,"price":"0.0001185200000000","qty":"421869727.00000000","quoteQty":"420393182.95550000","time":1713903675898,"isBuyerMaker":false},{"id":100048199,"price":"0.0001180300000000","qty":"12078842524.00000000","quoteQty":"12078842524.00000000","time":1713903598511,"isBuyerMaker":false},{"id":100048022,"price":"0.0001176000000000","qty":"42310465710.00000000","quoteQty":"4975710.76749600","time":1713903521169,"isBuyerMaker":true},{"id":100047879,"price":"0.0001176000000000","qty":"10432300481.00000000","quoteQty":"1226838.53656560","time":1713903439966,"isBuyerMaker":true},{"id":100047582,"price":"0.0001179400000000","qty":"47220448323.00000000","quoteQty":"47220448323.00000000","time":1713903332884,"isBuyerMaker":false},{"id":100047422,"price":"0.0001185200000000","qty":"843739454.00000000","quoteQty":"841233547.82162000","time":1713903268014,"isBuyerMaker":false},{"id":100047355,"price":"0.0001175000000000","qty":"21194102127.00000000","quoteQty":"2484927.93680267","time":1713903196236,"isBuyerMaker":true},{"id":100047353,"price":"0.0001176800000000","qty":"424881034.00000000","quoteQty":"49892.00008094","time":1713903195995,"isBuyerMaker":true},{"id":100047352,"price":"0.0001173000000000","qty":"710579710.00000000","quoteQty":"83170.96182304","time":1713903195460,"isBuyerMaker":true},{"id":100047350,"price":"0.0001170000000000","qty":"63571724677.00000000","quoteQty":"7421825.94094863","time":1713903195202,"isBuyerMaker":true},{"id":100047348,"price":"0.0001170200000000","qty":"14000000000.00000000","quoteQty":"1634741.31520000","time":1713903194757,"isBuyerMaker":true},{"id":100047304,"price":"0.0001176800000000","qty":"36768903669.00000000","quoteQty":"4326964.58376792","time":1713903159491,"isBuyerMaker":true},{"id":100047267,"price":"0.0001175300000000","qty":"425423297.00000000","quoteQty":"423934315.46050000","time":1713903140477,"isBuyerMaker":false},{"id":100047210,"price":"0.0001175000000000","qty":"510638298.00000000","quoteQty":"59790.00001495","time":1713903108998,"isBuyerMaker":true},{"id":100047132,"price":"0.0001179700000000","qty":"9885597535.00000000","quoteQty":"9885597535.00000000","time":1713903069681,"isBuyerMaker":false},{"id":100046990,"price":"0.0001175300000000","qty":"53749446525.00000000","quoteQty":"6317172.45008325","time":1713902988576,"isBuyerMaker":true},{"id":100046983,"price":"0.0001178500000000","qty":"1190000000.00000000","quoteQty":"140241.50000000","time":1713902988169,"isBuyerMaker":true},{"id":100046627,"price":"0.0001178500000000","qty":"30791723457.00000000","quoteQty":"30791723457.00000000","time":1713902897825,"isBuyerMaker":false},{"id":100046296,"price":"0.0001175000000000","qty":"45576039300.00000000","quoteQty":"5355184.61775000","time":1713902693791,"isBuyerMaker":true},{"id":100046145,"price":"0.0001175300000000","qty":"65389046536.00000000","quoteQty":"7685174.63937608","time":1713902621928,"isBuyerMaker":true},{"id":100045988,"price":"0.0001180100000000","qty":"70880573770.00000000","quoteQty":"70880573770.00000000","time":1713902545392,"isBuyerMaker":false},{"id":100045791,"price":"0.0001180400000000","qty":"28564151844.00000000","quoteQty":"28564151844.00000000","time":1713902441189,"isBuyerMaker":false},{"id":100045571,"price":"0.0001176600000000","qty":"75205606880.00000000","quoteQty":"8848691.70550080","time":1713902382407,"isBuyerMaker":true},{"id":100045432,"price":"0.0001184500000000","qty":"17694759630.00000000","quoteQty":"17632827971.29500000","time":1713902273094,"isBuyerMaker":false},{"id":100045431,"price":"0.0001184400000000","qty":"4906804981.00000000","quoteQty":"4889631163.56650000","time":1713902272954,"isBuyerMaker":false},{"id":100045430,"price":"0.0001184200000000","qty":"653180281.00000000","quoteQty":"650894150.01650000","time":1713902272770,"isBuyerMaker":false},{"id":100045429,"price":"0.0001180700000000","qty":"2255633682.00000000","quoteQty":"2247738964.11300000","time":1713902272589,"isBuyerMaker":false},{"id":100045339,"price":"0.0001174400000000","qty":"47834212823.00000000","quoteQty":"5617649.95393312","time":1713902209848,"isBuyerMaker":true},{"id":100045171,"price":"0.0001174500000000","qty":"31886847416.00000000","quoteQty":"3745110.22900920","time":1713902123781,"isBuyerMaker":true},{"id":100044998,"price":"0.0001174000000000","qty":"59388265767.00000000","quoteQty":"6972182.40104580","time":1713902038387,"isBuyerMaker":true},{"id":100044813,"price":"0.0001177700000000","qty":"20894382247.00000000","quoteQty":"20894382247.00000000","time":1713901963046,"isBuyerMaker":false},{"id":100044655,"price":"0.0001174100000000","qty":"17595132305.00000000","quoteQty":"2065844.48393005","time":1713901891488,"isBuyerMaker":true},{"id":100044513,"price":"0.0001174100000000","qty":"73677969793.00000000","quoteQty":"8650530.43339613","time":1713901816437,"isBuyerMaker":true},{"id":100044404,"price":"0.0001177600000000","qty":"54440269172.00000000","quoteQty":"54440269172.00000000","time":1713901773604,"isBuyerMaker":false},{"id":100044319,"price":"0.0001173800000000","qty":"61595926318.00000000","quoteQty":"7230129.83120684","time":1713901724980,"isBuyerMaker":true},{"id":100044216,"price":"0.0001176300000000","qty":"28567137767.00000000","quoteQty":"3360352.41553221","time":1713901667826,"isBuyerMaker":true},{"id":100044031,"price":"0.0001175300000000","qty":"21197890441.00000000","quoteQty":"21197890441.00000000","time":1713901584169,"isBuyerMaker":false},{"id":100044009,"price":"0.0001175300000000","qty":"42530202484.00000000","quoteQty":"42396232346.17540000","time":1713901567524,"isBuyerMaker":false},{"id":100043933,"price":"0.0001175400000000","qty":"54942342141.00000000","quoteQty":"54942342141.00000000","time":1713901526674,"isBuyerMaker":false},{"id":100043801,"price":"0.0001169500000000","qty":"453990514.00000000","quoteQty":"52945.52687859","time":1713901455941,"isBuyerMaker":true},{"id":100043755,"price":"0.0001171600000000","qty":"73002497048.00000000","quoteQty":"8552972.55414368","time":1713901434296,"isBuyerMaker":true},{"id":100043751,"price":"0.0001172700000000","qty":"756664108.00000000","quoteQty":"88733.99994516","time":1713901433640,"isBuyerMaker":true},{"id":100043567,"price":"0.0001173900000000","qty":"64299197609.00000000","quoteQty":"7548082.80732051","time":1713901343900,"isBuyerMaker":true},{"id":100043373,"price":"0.0001175100000000","qty":"68048220886.00000000","quoteQty":"7996346.43631386","time":1713901259734,"isBuyerMaker":true},{"id":100043296,"price":"0.0001174300000000","qty":"56125870778.00000000","quoteQty":"56125870778.00000000","time":1713901209697,"isBuyerMaker":false},{"id":100043140,"price":"0.0001172700000000","qty":"27519942080.00000000","quoteQty":"3227263.60772160","time":1713901138951,"isBuyerMaker":true},{"id":100042853,"price":"0.0001171700000000","qty":"84367251912.00000000","quoteQty":"9885310.90652904","time":1713901046432,"isBuyerMaker":true},{"id":100042661,"price":"0.0001173500000000","qty":"52346307817.00000000","quoteQty":"6142839.22232495","time":1713900840509,"isBuyerMaker":true},{"id":100042445,"price":"0.0001168600000000","qty":"58838549369.00000000","quoteQty":"6875872.87926134","time":1713900746545,"isBuyerMaker":true},{"id":100042439,"price":"0.0001171200000000","qty":"32438866120.00000000","quoteQty":"3799239.99997440","time":1713900746258,"isBuyerMaker":true},{"id":100042304,"price":"0.0001167700000000","qty":"58104290943.00000000","quoteQty":"6784838.05341411","time":1713900679795,"isBuyerMaker":true},{"id":100042186,"price":"0.0001171200000000","qty":"74730582694.00000000","quoteQty":"74730582694.00000000","time":1713900624915,"isBuyerMaker":false},{"id":100041988,"price":"0.0001167400000000","qty":"58580358984.00000000","quoteQty":"6838671.10779216","time":1713900523326,"isBuyerMaker":true},{"id":100041840,"price":"0.0001167700000000","qty":"86241956810.00000000","quoteQty":"10070473.29670370","time":1713900449444,"isBuyerMaker":true},{"id":100041660,"price":"0.0001169800000000","qty":"27040463329.00000000","quoteQty":"3163193.40022642","time":1713900361878,"isBuyerMaker":true},{"id":100041633,"price":"0.0001176000000000","qty":"454991496.00000000","quoteQty":"53506.99992960","time":1713900348798,"isBuyerMaker":true},{"id":100041630,"price":"0.0001175000000000","qty":"14876242651.00000000","quoteQty":"1747958.51149250","time":1713900348491,"isBuyerMaker":true},{"id":100041626,"price":"0.0001177500000000","qty":"9714377919.00000000","quoteQty":"9687274804.60599000","time":1713900345113,"isBuyerMaker":false},{"id":100041522,"price":"0.0001175000000000","qty":"15519629681.00000000","quoteQty":"1823556.48751750","time":1713900285994,"isBuyerMaker":true},{"id":100041499,"price":"0.0001175000000000","qty":"623632685.00000000","quoteQty":"73020.37154579","time":1713900279535,"isBuyerMaker":true},{"id":100041401,"price":"0.0001175000000000","qty":"12029243919.00000000","quoteQty":"1413436.16048250","time":1713900235872,"isBuyerMaker":true},{"id":100041344,"price":"0.0001175000000000","qty":"1264121.00000000","quoteQty":"148.53421750","time":1713900202985,"isBuyerMaker":true},{"id":100041341,"price":"0.0001168800000000","qty":"77883030568.00000000","quoteQty":"9102968.61278784","time":1713900202662,"isBuyerMaker":true},{"id":100041318,"price":"0.0001175000000000","qty":"698735879.00000000","quoteQty":"696786405.89759000","time":1713900190995,"isBuyerMaker":false},{"id":100041226,"price":"0.0001173400000000","qty":"55698295107.00000000","quoteQty":"55698295107.00000000","time":1713900143758,"isBuyerMaker":false},{"id":100041097,"price":"0.0001172700000000","qty":"14890870665.00000000","quoteQty":"14890870665.00000000","time":1713900070620,"isBuyerMaker":false},{"id":100040992,"price":"0.0001171100000000","qty":"89863092443.00000000","quoteQty":"10523866.75599973","time":1713900027427,"isBuyerMaker":true},{"id":100040809,"price":"0.0001175100000000","qty":"18627739835.00000000","quoteQty":"18627739835.00000000","time":1713899934500,"isBuyerMaker":false},{"id":100040804,"price":"0.0001173200000000","qty":"34775587778.00000000","quoteQty":"34775587778.00000000","time":1713899934068,"isBuyerMaker":false},{"id":100040680,"price":"0.0001172700000000","qty":"55109928189.00000000","quoteQty":"55109928189.00000000","time":1713899868806,"isBuyerMaker":false},{"id":100040568,"price":"0.0001173200000000","qty":"14324412222.00000000","quoteQty":"14324412222.00000000","time":1713899813834,"isBuyerMaker":false},{"id":100040392,"price":"0.0001174200000000","qty":"56737367009.00000000","quoteQty":"56737367009.00000000","time":1713899724906,"isBuyerMaker":false},{"id":100040262,"price":"0.0001173200000000","qty":"56759111967.00000000","quoteQty":"56759111967.00000000","time":1713899647201,"isBuyerMaker":false},{"id":100040205,"price":"0.0001166900000000","qty":"5626725257.00000000","quoteQty":"654875.45555671","time":1713899626869,"isBuyerMaker":true},{"id":100040204,"price":"0.0001169900000000","qty":"94601401829.00000000","quoteQty":"11038642.71317478","time":1713899626690,"isBuyerMaker":true},{"id":100040203,"price":"0.0001170700000000","qty":"871681415.00000000","quoteQty":"101782.41912159","time":1713899626506,"isBuyerMaker":true},{"id":100040035,"price":"0.0001171700000000","qty":"20382502403.00000000","quoteQty":"2388217.80655951","time":1713899545211,"isBuyerMaker":true},{"id":100040032,"price":"0.0001177600000000","qty":"112670.00000000","quoteQty":"13.26801920","time":1713899544847,"isBuyerMaker":true},{"id":100039931,"price":"0.0001177600000000","qty":"807887330.00000000","quoteQty":"805633324.34930000","time":1713899492032,"isBuyerMaker":false},{"id":100039805,"price":"0.0001174800000000","qty":"12115803648.00000000","quoteQty":"12115803648.00000000","time":1713899434534,"isBuyerMaker":false},{"id":100039695,"price":"0.0001172400000000","qty":"68259830684.00000000","quoteQty":"8002782.54939216","time":1713899369022,"isBuyerMaker":true},{"id":100039472,"price":"0.0001177600000000","qty":"43378380509.00000000","quoteQty":"43378380509.00000000","time":1713899265893,"isBuyerMaker":false},{"id":100039279,"price":"0.0001175900000000","qty":"22510784307.00000000","quoteQty":"2647043.12666013","time":1713899139868,"isBuyerMaker":true},{"id":100039061,"price":"0.0001176000000000","qty":"13728285075.00000000","quoteQty":"1614446.32482000","time":1713899032106,"isBuyerMaker":true},{"id":100038996,"price":"0.0001181800000000","qty":"600000000.00000000","quoteQty":"597900000.00000000","time":1713898997897,"isBuyerMaker":false},{"id":100038994,"price":"0.0001181400000000","qty":"657342330.00000000","quoteQty":"655041631.84500000","time":1713898990460,"isBuyerMaker":false},{"id":100038888,"price":"0.0001175900000000","qty":"43926759343.00000000","quoteQty":"5165347.63114337","time":1713898935718,"isBuyerMaker":true},{"id":100038706,"price":"0.0001172800000000","qty":"24768717277.00000000","quoteQty":"2904875.16224656","time":1713898837647,"isBuyerMaker":true},{"id":100038608,"price":"0.0001172000000000","qty":"41322134731.00000000","quoteQty":"4842954.19047320","time":1713898782688,"isBuyerMaker":true},{"id":100038430,"price":"0.0001174800000000","qty":"45701494181.00000000","quoteQty":"45701494181.00000000","time":1713898728965,"isBuyerMaker":false},{"id":100038264,"price":"0.0001172400000000","qty":"44177896713.00000000","quoteQty":"5179416.61063212","time":1713898550387,"isBuyerMaker":true},{"id":100038257,"price":"0.0001173600000000","qty":"426039537.00000000","quoteQty":"50000.00006232","time":1713898550050,"isBuyerMaker":true},{"id":100038116,"price":"0.0001174900000000","qty":"56725130588.00000000","quoteQty":"56725130588.00000000","time":1713898482309,"isBuyerMaker":false},{"id":100037977,"price":"0.0001174600000000","qty":"74758649940.00000000","quoteQty":"8781151.02195240","time":1713898416578,"isBuyerMaker":true},{"id":100037791,"price":"0.0001173800000000","qty":"59431904263.00000000","quoteQty":"6976116.92239094","time":1713898309843,"isBuyerMaker":true},{"id":100037653,"price":"0.0001173600000000","qty":"26426435608.00000000","quoteQty":"3101406.48295488","time":1713898230753,"isBuyerMaker":true},{"id":100037531,"price":"0.0001178300000000","qty":"47764641468.00000000","quoteQty":"47764641468.00000000","time":1713898161070,"isBuyerMaker":false},{"id":100037317,"price":"0.0001175200000000","qty":"24206038318.00000000","quoteQty":"2844693.62313136","time":1713898074236,"isBuyerMaker":true},{"id":100037028,"price":"0.0001173400000000","qty":"34726093849.00000000","quoteQty":"4074759.85224166","time":1713897875540,"isBuyerMaker":true},{"id":100036863,"price":"0.0001172000000000","qty":"23705112048.00000000","quoteQty":"2778239.13202560","time":1713897802238,"isBuyerMaker":true},{"id":100036721,"price":"0.0001171900000000","qty":"71118327005.00000000","quoteQty":"8334356.74171595","time":1713897747325,"isBuyerMaker":true},{"id":100036691,"price":"0.0001182300000000","qty":"4807231667.00000000","quoteQty":"4790406356.16550000","time":1713897736208,"isBuyerMaker":false},{"id":100036529,"price":"0.0001182300000000","qty":"2100000000.00000000","quoteQty":"2092650000.00000000","time":1713897715335,"isBuyerMaker":false},{"id":100036249,"price":"0.0001175300000000","qty":"88150298343.00000000","quoteQty":"88150298343.00000000","time":1713897658028,"isBuyerMaker":false},{"id":100036164,"price":"0.0001182300000000","qty":"1691618033.00000000","quoteQty":"1685697369.88450000","time":1713897616485,"isBuyerMaker":false},{"id":100036138,"price":"0.0001182100000000","qty":"653180281.00000000","quoteQty":"650894150.01650000","time":1713897596908,"isBuyerMaker":false},{"id":100036096,"price":"0.0001181800000000","qty":"685429440.00000000","quoteQty":"683030436.96000000","time":1713897583439,"isBuyerMaker":false},{"id":100036027,"price":"0.0001173000000000","qty":"50707595691.00000000","quoteQty":"5948000.97455430","time":1713897561266,"isBuyerMaker":true},{"id":100036017,"price":"0.0001181400000000","qty":"698735879.00000000","quoteQty":"696290303.42350000","time":1713897556640,"isBuyerMaker":false},{"id":100035822,"price":"0.0001168800000000","qty":"6805035727.00000000","quoteQty":"792588.77175656","time":1713897431556,"isBuyerMaker":true},{"id":100035801,"price":"0.0001168800000000","qty":"428798048.00000000","quoteQty":"49942.50314476","time":1713897415596,"isBuyerMaker":true},{"id":100035780,"price":"0.0001175600000000","qty":"12120945104.00000000","quoteQty":"12120945104.00000000","time":1713897403123,"isBuyerMaker":false},{"id":100035576,"price":"0.0001175800000000","qty":"21182264959.00000000","quoteQty":"21182264959.00000000","time":1713897346198,"isBuyerMaker":false},{"id":100035461,"price":"0.0001175800000000","qty":"2871463767.00000000","quoteQty":"2861413643.81550000","time":1713897266733,"isBuyerMaker":false},{"id":100035453,"price":"0.0001177100000000","qty":"23309044741.00000000","quoteQty":"2743707.65646311","time":1713897258760,"isBuyerMaker":true},{"id":100035374,"price":"0.0001177100000000","qty":"63306901892.00000000","quoteQty":"7451855.42170732","time":1713897136255,"isBuyerMaker":true},{"id":100035211,"price":"0.0001177100000000","qty":"80892706095.00000000","quoteQty":"9521880.43444245","time":1713897065856,"isBuyerMaker":true},{"id":100035185,"price":"0.0001177100000000","qty":"30000000.00000000","quoteQty":"3518.94045000","time":1713897051808,"isBuyerMaker":true},{"id":100035140,"price":"0.0001177100000000","qty":"30338674893.00000000","quoteQty":"3571165.42165503","time":1713897022088,"isBuyerMaker":true},{"id":100035112,"price":"0.0001177100000000","qty":"13857920021.00000000","quoteQty":"1631215.76567191","time":1713896993501,"isBuyerMaker":true},{"id":100035110,"price":"0.0001177100000000","qty":"799422309.00000000","quoteQty":"94099.99999239","time":1713896993245,"isBuyerMaker":true},{"id":100035038,"price":"0.0001177300000000","qty":"90751338092.00000000","quoteQty":"90751338092.00000000","time":1713896962006,"isBuyerMaker":false},{"id":100034855,"price":"0.0001177500000000","qty":"85264793774.00000000","quoteQty":"85264793774.00000000","time":1713896872995,"isBuyerMaker":false},{"id":100034653,"price":"0.0001180000000000","qty":"45926936189.00000000","quoteQty":"45926936189.00000000","time":1713896688591,"isBuyerMaker":false},{"id":100034510,"price":"0.0001180600000000","qty":"3000000000.00000000","quoteQty":"354180.00000000","time":1713896668668,"isBuyerMaker":true},{"id":100034506,"price":"0.0001180200000000","qty":"35081659665.00000000","quoteQty":"4140337.47366330","time":1713896668349,"isBuyerMaker":true},{"id":100034359,"price":"0.0001180600000000","qty":"24106658675.00000000","quoteQty":"2846032.12317050","time":1713896496961,"isBuyerMaker":true},{"id":100034185,"price":"0.0001184400000000","qty":"17517104659.00000000","quoteQty":"17517104659.00000000","time":1713896392748,"isBuyerMaker":false},{"id":100034079,"price":"0.0001183300000000","qty":"47683821689.00000000","quoteQty":"47683821689.00000000","time":1713896343313,"isBuyerMaker":false},{"id":100033816,"price":"0.0001183700000000","qty":"22991683782.00000000","quoteQty":"22991683782.00000000","time":1713896236284,"isBuyerMaker":false},{"id":100033732,"price":"0.0001185100000000","qty":"76045414462.00000000","quoteQty":"76045414462.00000000","time":1713896187049,"isBuyerMaker":false},{"id":100033604,"price":"0.0001182600000000","qty":"20788010499.00000000","quoteQty":"2458390.12161174","time":1713896115232,"isBuyerMaker":true},{"id":100033464,"price":"0.0001182100000000","qty":"11486214399.00000000","quoteQty":"1357785.40410579","time":1713896045100,"isBuyerMaker":true},{"id":100033354,"price":"0.0001185000000000","qty":"61760453498.00000000","quoteQty":"61760453498.00000000","time":1713895990556,"isBuyerMaker":false},{"id":100032994,"price":"0.0001189900000000","qty":"52869384384.00000000","quoteQty":"52869384384.00000000","time":1713895891954,"isBuyerMaker":false},{"id":100032917,"price":"0.0001180200000000","qty":"5471378087.00000000","quoteQty":"643471.97968134","time":1713895780048,"isBuyerMaker":true},{"id":100032880,"price":"0.0001180300000000","qty":"21767917029.00000000","quoteQty":"2563717.62967950","time":1713895699961,"isBuyerMaker":true},{"id":100032879,"price":"0.0001182000000000","qty":"169350835.00000000","quoteQty":"19974.03139661","time":1713895699781,"isBuyerMaker":true},{"id":100032878,"price":"0.0001181000000000","qty":"33842379339.00000000","quoteQty":"3988151.94433604","time":1713895699590,"isBuyerMaker":true},{"id":100032877,"price":"0.0001180200000000","qty":"18758943268.00000000","quoteQty":"2209148.39464286","time":1713895699370,"isBuyerMaker":true},{"id":100032876,"price":"0.0001180400000000","qty":"25415113520.00000000","quoteQty":"2993519.99990101","time":1713895698850,"isBuyerMaker":true},{"id":100032696,"price":"0.0001185100000000","qty":"14734118945.00000000","quoteQty":"1746140.43617195","time":1713895602723,"isBuyerMaker":true},{"id":100032499,"price":"0.0001186500000000","qty":"24535791903.00000000","quoteQty":"2911171.70929095","time":1713895510357,"isBuyerMaker":true},{"id":100032353,"price":"0.0001185500000000","qty":"17454180654.00000000","quoteQty":"2069193.11653170","time":1713895427203,"isBuyerMaker":true},{"id":100032235,"price":"0.0001185300000000","qty":"9266761942.00000000","quoteQty":"1098389.29298526","time":1713895361743,"isBuyerMaker":true},{"id":100032008,"price":"0.0001195800000000","qty":"34054084511.00000000","quoteQty":"4072187.42582538","time":1713895268023,"isBuyerMaker":true},{"id":100031810,"price":"0.0001196800000000","qty":"82916372515.00000000","quoteQty":"82916372515.00000000","time":1713895163165,"isBuyerMaker":false},{"id":100031734,"price":"0.0001203100000000","qty":"861808062.00000000","quoteQty":"858791733.78300000","time":1713895119555,"isBuyerMaker":false},{"id":100031733,"price":"0.0001202800000000","qty":"651329104.00000000","quoteQty":"649049452.13600000","time":1713895119267,"isBuyerMaker":false},{"id":100031732,"price":"0.0001202700000000","qty":"685429440.00000000","quoteQty":"683030436.96000000","time":1713895118937,"isBuyerMaker":false},{"id":100031731,"price":"0.0001195200000000","qty":"13000000000.00000000","quoteQty":"12954500000.00000000","time":1713895118533,"isBuyerMaker":false},{"id":100031730,"price":"0.0001195200000000","qty":"47601383941.00000000","quoteQty":"47434779097.20650000","time":1713895118187,"isBuyerMaker":false},{"id":100031663,"price":"0.0001191600000000","qty":"25470546088.00000000","quoteQty":"3035070.27184608","time":1713895069582,"isBuyerMaker":true},{"id":100031505,"price":"0.0001195200000000","qty":"42722070437.00000000","quoteQty":"42722070437.00000000","time":1713894986412,"isBuyerMaker":false},{"id":100031290,"price":"0.0001190600000000","qty":"75260383129.00000000","quoteQty":"8960501.21533874","time":1713894894128,"isBuyerMaker":true},{"id":100031038,"price":"0.0001193300000000","qty":"24986507971.00000000","quoteQty":"24986507971.00000000","time":1713894717953,"isBuyerMaker":false},{"id":100030894,"price":"0.0001193700000000","qty":"49385849577.00000000","quoteQty":"49385849577.00000000","time":1713894656549,"isBuyerMaker":false},{"id":100030759,"price":"0.0001191300000000","qty":"88660151086.00000000","quoteQty":"88660151086.00000000","time":1713894575345,"isBuyerMaker":false},{"id":100030679,"price":"0.0001195200000000","qty":"1657941527.00000000","quoteQty":"1652138731.65550000","time":1713894531562,"isBuyerMaker":false},{"id":100030535,"price":"0.0001194300000000","qty":"33642535696.00000000","quoteQty":"33642535696.00000000","time":1713894476528,"isBuyerMaker":false},{"id":100030184,"price":"0.0001192300000000","qty":"24443538713.00000000","quoteQty":"24443538713.00000000","time":1713894277658,"isBuyerMaker":false},{"id":100030004,"price":"0.0001189200000000","qty":"69513015225.00000000","quoteQty":"8266487.77055700","time":1713894201858,"isBuyerMaker":true},{"id":100029783,"price":"0.0001189500000000","qty":"16272127863.00000000","quoteQty":"1935569.60930385","time":1713894096362,"isBuyerMaker":true},{"id":100029563,"price":"0.0001190700000000","qty":"59712906296.00000000","quoteQty":"7110015.75266472","time":1713893989144,"isBuyerMaker":true},{"id":100029454,"price":"0.0001188300000000","qty":"25568270195.00000000","quoteQty":"3038277.54727185","time":1713893938880,"isBuyerMaker":true},{"id":100029350,"price":"0.0001195200000000","qty":"834672021.00000000","quoteQty":"831750668.92650000","time":1713893880211,"isBuyerMaker":false},{"id":100029333,"price":"0.0001188100000000","qty":"60935707321.00000000","quoteQty":"7239771.38680801","time":1713893868777,"isBuyerMaker":true},{"id":100029245,"price":"0.0001185200000000","qty":"265177073.00000000","quoteQty":"31318.78593854","time":1713893828985,"isBuyerMaker":true},{"id":100029244,"price":"0.0001185400000000","qty":"698735879.00000000","quoteQty":"82538.25256782","time":1713893828503,"isBuyerMaker":true},{"id":100029182,"price":"0.0001191700000000","qty":"75075678951.00000000","quoteQty":"75075678951.00000000","time":1713893796637,"isBuyerMaker":false},{"id":100029072,"price":"0.0001191800000000","qty":"67913686066.00000000","quoteQty":"67913686066.00000000","time":1713893739896,"isBuyerMaker":false},{"id":100028918,"price":"0.0001191300000000","qty":"39076935659.00000000","quoteQty":"4655235.34505667","time":1713893669090,"isBuyerMaker":true},{"id":100028740,"price":"0.0001191100000000","qty":"7413381640.00000000","quoteQty":"883007.88714040","time":1713893589325,"isBuyerMaker":true},{"id":100028713,"price":"0.0001191100000000","qty":"8333761157.00000000","quoteQty":"989160.07139033","time":1713893575187,"isBuyerMaker":true},{"id":100028562,"price":"0.0001188500000000","qty":"41887192230.00000000","quoteQty":"4978292.79653550","time":1713893498895,"isBuyerMaker":true},{"id":100028396,"price":"0.0001188400000000","qty":"1993400000.00000000","quoteQty":"1993400000.00000000","time":1713893400744,"isBuyerMaker":false},{"id":100028394,"price":"0.0001191200000000","qty":"61897613087.00000000","quoteQty":"61897613087.00000000","time":1713893400455,"isBuyerMaker":false},{"id":100028386,"price":"0.0001191200000000","qty":"838482202.00000000","quoteQty":"835547514.29300000","time":1713893398624,"isBuyerMaker":false},{"id":100028219,"price":"0.0001188400000000","qty":"35362866453.00000000","quoteQty":"4202523.04927452","time":1713893325990,"isBuyerMaker":true},{"id":100028081,"price":"0.0001190900000000","qty":"70726881491.00000000","quoteQty":"70726881491.00000000","time":1713893252301,"isBuyerMaker":false},{"id":100027894,"price":"0.0001193300000000","qty":"54337280404.00000000","quoteQty":"54337280404.00000000","time":1713893157817,"isBuyerMaker":false},{"id":100027736,"price":"0.0001193200000000","qty":"89113499817.00000000","quoteQty":"89113499817.00000000","time":1713893081964,"isBuyerMaker":false}