{"symbol":"BTC_IRT","lastTrades":[{"id":96582566,"price":"4449450211.0000000000000000","qty":"0.00002377","quoteQty":"0.00002369","time":1712473095582,"isBuyerMaker":false},{"id":96582564,"price":"4449450211.0000000000000000","qty":"0.00000325","quoteQty":"0.00000324","time":1712473095170,"isBuyerMaker":false},{"id":96582101,"price":"4430500253.0000000000000000","qty":"0.00002556","quoteQty":"112847.23391405","time":1712472945674,"isBuyerMaker":true},{"id":96582100,"price":"4430500253.0000000000000000","qty":"0.00000325","quoteQty":"14348.72888187","time":1712472945426,"isBuyerMaker":true},{"id":96582062,"price":"4449450212.0000000000000000","qty":"0.00002889","quoteQty":"0.00002879","time":1712472931949,"isBuyerMaker":false},{"id":96581881,"price":"4449450212.0000000000000000","qty":"0.00000325","quoteQty":"0.00000324","time":1712472879005,"isBuyerMaker":false},{"id":96581875,"price":"4445143650.0000000000000000","qty":"0.00001437","quoteQty":"0.00001432","time":1712472878421,"isBuyerMaker":false},{"id":96581870,"price":"4449330907.0000000000000000","qty":"0.00002054","quoteQty":"0.00002047","time":1712472877988,"isBuyerMaker":false},{"id":96580085,"price":"4417019124.0000000000000000","qty":"0.00003800","quoteQty":"167259.26316851","time":1712472387162,"isBuyerMaker":true},{"id":96579121,"price":"4417019127.0000000000000000","qty":"0.00016629","quoteQty":"732596.39474120","time":1712472041699,"isBuyerMaker":true},{"id":96578663,"price":"4417019123.0000000000000000","qty":"0.00203493","quoteQty":"8956865.58743251","time":1712471819853,"isBuyerMaker":true},{"id":96578662,"price":"4420111151.0000000000000000","qty":"0.00004448","quoteQty":"195918.42109249","time":1712471819633,"isBuyerMaker":true},{"id":96578661,"price":"4420111151.0000000000000000","qty":"0.00007811","quoteQty":"344046.48991759","time":1712471819410,"isBuyerMaker":true},{"id":96578660,"price":"4419669179.0000000000000000","qty":"0.00038465","quoteQty":"1694075.65957839","time":1712471819192,"isBuyerMaker":true},{"id":96578659,"price":"4418785376.0000000000000000","qty":"0.00452613","quoteQty":"19929997.06418632","time":1712471818961,"isBuyerMaker":true},{"id":96578657,"price":"4417460825.0000000000000000","qty":"0.00008422","quoteQty":"370736.41575411","time":1712471818680,"isBuyerMaker":true},{"id":96578656,"price":"4417460000.0000000000000000","qty":"0.00006948","quoteQty":"305850.88287720","time":1712471818367,"isBuyerMaker":true},{"id":96578492,"price":"4420111151.0000000000000000","qty":"0.00009962","quoteQty":"438790.31270760","time":1712471780230,"isBuyerMaker":true},{"id":96575073,"price":"4420111151.0000000000000000","qty":"0.00458722","quoteQty":"0.00458722","time":1712470704116,"isBuyerMaker":false},{"id":96573544,"price":"4419228087.0000000000000000","qty":"0.00013588","quoteQty":"598383.01596794","time":1712470352351,"isBuyerMaker":true},{"id":96570954,"price":"4417460825.0000000000000000","qty":"0.00007932","quoteQty":"349166.61716476","time":1712469605621,"isBuyerMaker":true},{"id":96570518,"price":"4417019123.0000000000000000","qty":"0.00816726","quoteQty":"35961307.53016506","time":1712469481808,"isBuyerMaker":true},{"id":96570516,"price":"4433000000.0000000000000000","qty":"0.00002398","quoteQty":"105968.48447900","time":1712469481588,"isBuyerMaker":true},{"id":96570513,"price":"4432582474.0000000000000000","qty":"0.00169167","quoteQty":"7474846.62339114","time":1712469481294,"isBuyerMaker":true},{"id":96570511,"price":"4454736321.0000000000000000","qty":"0.00023275","quoteQty":"1033573.83309480","time":1712469480946,"isBuyerMaker":true},{"id":96570508,"price":"4454736321.0000000000000000","qty":"0.00527228","quoteQty":"23412634.36626886","time":1712469480611,"isBuyerMaker":true},{"id":96570507,"price":"4419031000.0000000000000000","qty":"0.00002337","quoteQty":"102947.44529342","time":1712469480296,"isBuyerMaker":true},{"id":96570506,"price":"4429000000.0000000000000000","qty":"0.00451569","quoteQty":"19936991.03831850","time":1712469480054,"isBuyerMaker":true},{"id":96570501,"price":"4439376207.0000000000000000","qty":"0.00002095","quoteQty":"92711.96600231","time":1712469479576,"isBuyerMaker":true},{"id":96570500,"price":"4432582474.0000000000000000","qty":"0.00008343","quoteQty":"368645.45318503","time":1712469479100,"isBuyerMaker":true},{"id":96570497,"price":"4430524666.0000000000000000","qty":"0.00002389","quoteQty":"105511.82178279","time":1712469478803,"isBuyerMaker":true},{"id":96570495,"price":"4430042270.0000000000000000","qty":"0.00001420","quoteQty":"62708.44444326","time":1712469478551,"isBuyerMaker":true},{"id":96570492,"price":"4430042270.0000000000000000","qty":"0.00000932","quoteQty":"41157.93677544","time":1712469478311,"isBuyerMaker":true},{"id":96570491,"price":"4427951866.0000000000000000","qty":"0.00002071","quoteQty":"91414.01906295","time":1712469478141,"isBuyerMaker":true},{"id":96570490,"price":"4422668545.0000000000000000","qty":"0.00004165","quoteQty":"183623.90184282","time":1712469477963,"isBuyerMaker":true},{"id":96570489,"price":"4420204360.0000000000000000","qty":"0.00003455","quoteQty":"152236.99874699","time":1712469477741,"isBuyerMaker":true},{"id":96570488,"price":"4419031915.0000000000000000","qty":"0.00002204","quoteQty":"97088.66769687","time":1712469477491,"isBuyerMaker":true},{"id":96570485,"price":"4426634114.0000000000000000","qty":"0.00001484","quoteQty":"65484.32281347","time":1712469477252,"isBuyerMaker":true},{"id":96570483,"price":"4430500254.0000000000000000","qty":"0.00003214","quoteQty":"141947.72988734","time":1712469476799,"isBuyerMaker":true},{"id":96570481,"price":"4417549714.0000000000000000","qty":"0.00002033","quoteQty":"89525.88801071","time":1712469476461,"isBuyerMaker":true},{"id":96570478,"price":"4417112726.0000000000000000","qty":"0.00002058","quoteQty":"90617.83173439","time":1712469476082,"isBuyerMaker":true},{"id":96570474,"price":"4429548064.0000000000000000","qty":"0.00001437","quoteQty":"63452.09997179","time":1712469475758,"isBuyerMaker":true},{"id":96566210,"price":"4454736321.0000000000000000","qty":"0.00093722","quoteQty":"4161916.51064710","time":1712468141276,"isBuyerMaker":true},{"id":96566209,"price":"4454736321.0000000000000000","qty":"0.00009046","quoteQty":"401706.07493773","time":1712468140923,"isBuyerMaker":true},{"id":96566208,"price":"4454736321.0000000000000000","qty":"0.00010422","quoteQty":"462810.16062359","time":1712468140691,"isBuyerMaker":true},{"id":96565098,"price":"4460739237.0000000000000000","qty":"0.00028461","quoteQty":"0.00028361","time":1712467714128,"isBuyerMaker":false},{"id":96564712,"price":"4460739238.0000000000000000","qty":"0.00004112","quoteQty":"182847.80683454","time":1712467559098,"isBuyerMaker":true},{"id":96564711,"price":"4460739238.0000000000000000","qty":"0.00023000","quoteQty":"1022738.21916207","time":1712467558841,"isBuyerMaker":true},{"id":96564268,"price":"4460739238.0000000000000000","qty":"0.00165307","quoteQty":"0.00164728","time":1712467352331,"isBuyerMaker":false},{"id":96563215,"price":"4460739238.0000000000000000","qty":"0.00011408","quoteQty":"507456.26510068","time":1712466969572,"isBuyerMaker":true},{"id":96563212,"price":"4454736321.0000000000000000","qty":"0.00001092","quoteQty":"48509.51260757","time":1712466968182,"isBuyerMaker":true},{"id":96562417,"price":"4454736321.0000000000000000","qty":"0.00008486","quoteQty":"0.00008459","time":1712466672994,"isBuyerMaker":false},{"id":96560314,"price":"4454736321.0000000000000000","qty":"0.00011225","quoteQty":"0.00011186","time":1712466008127,"isBuyerMaker":false},{"id":96559539,"price":"4454736322.0000000000000000","qty":"0.00022448","quoteQty":"0.00022369","time":1712465686165,"isBuyerMaker":false},{"id":96559226,"price":"4439376209.0000000000000000","qty":"0.00150000","quoteQty":"6640418.93342220","time":1712465554484,"isBuyerMaker":true},{"id":96558600,"price":"4454736322.0000000000000000","qty":"0.00008933","quoteQty":"0.00008902","time":1712465333850,"isBuyerMaker":false},{"id":96557941,"price":"4454736323.0000000000000000","qty":"0.00089700","quoteQty":"0.00089386","time":1712465110814,"isBuyerMaker":false},{"id":96557039,"price":"4439376211.0000000000000000","qty":"0.00050376","quoteQty":"2228552.82949317","time":1712464819007,"isBuyerMaker":true},{"id":96556344,"price":"4441335182.0000000000000000","qty":"0.00002063","quoteQty":"91304.05819784","time":1712464576635,"isBuyerMaker":true},{"id":96556143,"price":"4445143653.0000000000000000","qty":"0.00001437","quoteQty":"63653.14579358","time":1712464516224,"isBuyerMaker":true},{"id":96555699,"price":"4449450213.0000000000000000","qty":"0.00003214","quoteQty":"143005.32984582","time":1712464388916,"isBuyerMaker":true},{"id":96554861,"price":"4449451000.0000000000000000","qty":"0.00084596","quoteQty":"0.00084300","time":1712464129917,"isBuyerMaker":false},{"id":96554677,"price":"4449451000.0000000000000000","qty":"0.00035679","quoteQty":"1581963.30361198","time":1712464064650,"isBuyerMaker":true},{"id":96554675,"price":"4449451000.0000000000000000","qty":"0.00019338","quoteQty":"857423.31245967","time":1712464064413,"isBuyerMaker":true},{"id":96550256,"price":"4449451001.0000000000000000","qty":"0.00003371","quoteQty":"149496.02296601","time":1712462784444,"isBuyerMaker":true},{"id":96547665,"price":"4449451001.0000000000000000","qty":"0.00045028","quoteQty":"1997287.95046042","time":1712461922354,"isBuyerMaker":true},{"id":96547424,"price":"4449451001.0000000000000000","qty":"0.00006024","quoteQty":"0.00006017","time":1712461849025,"isBuyerMaker":false},{"id":96546975,"price":"4449451001.0000000000000000","qty":"0.00003368","quoteQty":"149333.00842968","time":1712461701438,"isBuyerMaker":true},{"id":96543187,"price":"4452000000.0000000000000000","qty":"0.00004120","quoteQty":"0.00004114","time":1712460529175,"isBuyerMaker":false},{"id":96542940,"price":"4452000000.0000000000000000","qty":"0.00016547","quoteQty":"0.00016514","time":1712460429975,"isBuyerMaker":false},{"id":96542495,"price":"4452000000.0000000000000000","qty":"0.00006807","quoteQty":"0.00006799","time":1712460266242,"isBuyerMaker":false},{"id":96542489,"price":"4452000000.0000000000000000","qty":"0.00043851","quoteQty":"0.00043802","time":1712460263667,"isBuyerMaker":false},{"id":96542456,"price":"4452000000.0000000000000000","qty":"0.00043750","quoteQty":"0.00043701","time":1712460255699,"isBuyerMaker":false},{"id":96542442,"price":"4452000000.0000000000000000","qty":"0.00043680","quoteQty":"0.00043631","time":1712460251247,"isBuyerMaker":false},{"id":96542039,"price":"4452121345.0000000000000000","qty":"0.00004094","quoteQty":"181759.49229028","time":1712460124969,"isBuyerMaker":true},{"id":96536230,"price":"4449895947.0000000000000000","qty":"0.00053913","quoteQty":"2392378.98990479","time":1712458116343,"isBuyerMaker":true},{"id":96536219,"price":"4449895947.0000000000000000","qty":"0.00071383","quoteQty":"3167606.87471248","time":1712458113853,"isBuyerMaker":true},{"id":96536194,"price":"4455000000.0000000000000000","qty":"0.00006192","quoteQty":"0.00006192","time":1712458105261,"isBuyerMaker":false},{"id":96535259,"price":"4455000000.0000000000000000","qty":"0.00422499","quoteQty":"0.00422499","time":1712457805318,"isBuyerMaker":false},{"id":96532011,"price":"4468400172.0000000000000000","qty":"0.00114663","quoteQty":"0.00114663","time":1712456861866,"isBuyerMaker":false},{"id":96532009,"price":"4468400172.0000000000000000","qty":"0.00003214","quoteQty":"0.00003214","time":1712456861488,"isBuyerMaker":false},{"id":96531005,"price":"4461000000.0000000000000000","qty":"0.00243151","quoteQty":"0.00243151","time":1712456565625,"isBuyerMaker":false},{"id":96529808,"price":"4461000000.0000000000000000","qty":"0.01445819","quoteQty":"0.01445819","time":1712456172294,"isBuyerMaker":false},{"id":96529747,"price":"4461000000.0000000000000000","qty":"0.01445639","quoteQty":"0.01445639","time":1712456157748,"isBuyerMaker":false},{"id":96529181,"price":"4461000000.0000000000000000","qty":"0.00155822","quoteQty":"0.00155604","time":1712455981458,"isBuyerMaker":false},{"id":96529168,"price":"4461000000.0000000000000000","qty":"0.00152505","quoteQty":"0.00152291","time":1712455973781,"isBuyerMaker":false},{"id":96529096,"price":"4460739240.0000000000000000","qty":"0.00001437","quoteQty":"0.00001434","time":1712455935321,"isBuyerMaker":false},{"id":96529094,"price":"4461000000.0000000000000000","qty":"0.00014440","quoteQty":"0.00014411","time":1712455934902,"isBuyerMaker":false},{"id":96524887,"price":"4444889508.0000000000000000","qty":"0.00018949","quoteQty":"839903.77895488","time":1712454473687,"isBuyerMaker":true},{"id":96522628,"price":"4444889502.0000000000000000","qty":"0.00048916","quoteQty":"2166652.23127753","time":1712453831183,"isBuyerMaker":true},{"id":96522497,"price":"4444889502.0000000000000000","qty":"0.00004709","quoteQty":"208577.26218591","time":1712453798844,"isBuyerMaker":true},{"id":96521341,"price":"4443111986.0000000000000000","qty":"0.00019000","quoteQty":"841405.44612478","time":1712453429826,"isBuyerMaker":true},{"id":96518242,"price":"4445333994.0000000000000000","qty":"0.00851399","quoteQty":"0.00851399","time":1712452454503,"isBuyerMaker":false},{"id":96518238,"price":"4445333994.0000000000000000","qty":"0.00043901","quoteQty":"0.00043840","time":1712452451754,"isBuyerMaker":false},{"id":96518229,"price":"4445333994.0000000000000000","qty":"0.01574700","quoteQty":"69804672.51518815","time":1712452442634,"isBuyerMaker":true},{"id":96516717,"price":"4442223499.0000000000000000","qty":"0.00240000","quoteQty":"10626153.98748792","time":1712451978232,"isBuyerMaker":true},{"id":96515666,"price":"4445143654.0000000000000000","qty":"0.00001437","quoteQty":"63665.92115076","time":1712451653709,"isBuyerMaker":true},{"id":96514369,"price":"4449450214.0000000000000000","qty":"0.00003214","quoteQty":"142504.81122339","time":1712451163974,"isBuyerMaker":true},{"id":96514355,"price":"4449981236.0000000000000000","qty":"0.00001484","quoteQty":"65806.58951684","time":1712451152358,"isBuyerMaker":true},{"id":96514015,"price":"4449981237.0000000000000000","qty":"0.00048107","quoteQty":"2133259.84002570","time":1712451063680,"isBuyerMaker":true},{"id":96513739,"price":"4461858584.0000000000000000","qty":"0.00006724","quoteQty":"299175.32814883","time":1712450973103,"isBuyerMaker":true},{"id":96512992,"price":"4461858584.0000000000000000","qty":"0.00009147","quoteQty":"0.00009117","time":1712450719461,"isBuyerMaker":false},{"id":96512990,"price":"4467124684.0000000000000000","qty":"0.00038764","quoteQty":"0.00038636","time":1712450718953,"isBuyerMaker":false},{"id":96512989,"price":"4461858585.0000000000000000","qty":"0.00008854","quoteQty":"0.00008825","time":1712450717983,"isBuyerMaker":false},{"id":96509948,"price":"4461858583.0000000000000000","qty":"0.00044815","quoteQty":"0.00044676","time":1712449962083,"isBuyerMaker":false},{"id":96505809,"price":"4461858584.0000000000000000","qty":"0.00002458","quoteQty":"0.00002449","time":1712448591891,"isBuyerMaker":false},{"id":96501201,"price":"4461858585.0000000000000000","qty":"0.00067237","quoteQty":"2997319.83892533","time":1712447197076,"isBuyerMaker":true},{"id":96501135,"price":"4474749399.0000000000000000","qty":"0.00071506","quoteQty":"0.00071306","time":1712447183998,"isBuyerMaker":false},{"id":96501127,"price":"4474749399.0000000000000000","qty":"0.00065083","quoteQty":"0.00064901","time":1712447181270,"isBuyerMaker":false},{"id":96499042,"price":"4473495466.0000000000000000","qty":"0.00027187","quoteQty":"1216209.21234142","time":1712446479561,"isBuyerMaker":true},{"id":96498893,"price":"4473495466.0000000000000000","qty":"0.00001247","quoteQty":"55728.70397256","time":1712446425113,"isBuyerMaker":true},{"id":96498888,"price":"4473495466.0000000000000000","qty":"0.00002063","quoteQty":"0.00002056","time":1712446424313,"isBuyerMaker":false},{"id":96498765,"price":"4473495463.0000000000000000","qty":"0.00036359","quoteQty":"0.00036232","time":1712446381884,"isBuyerMaker":false},{"id":96498534,"price":"4473328357.0000000000000000","qty":"0.00001484","quoteQty":"0.00001479","time":1712446316518,"isBuyerMaker":false},{"id":96498354,"price":"4472838007.0000000000000000","qty":"0.00001438","quoteQty":"0.00001433","time":1712446264419,"isBuyerMaker":false},{"id":96498107,"price":"4472222222.0000000000000000","qty":"0.00000055","quoteQty":"0.00000055","time":1712446183902,"isBuyerMaker":false},{"id":96497104,"price":"4471550432.0000000000000000","qty":"0.00003294","quoteQty":"0.00003282","time":1712445882750,"isBuyerMaker":false},{"id":96496017,"price":"4471550432.0000000000000000","qty":"0.00009206","quoteQty":"0.00009174","time":1712445582594,"isBuyerMaker":false},{"id":96495518,"price":"4471550432.0000000000000000","qty":"0.00002034","quoteQty":"0.00002028","time":1712445371788,"isBuyerMaker":false},{"id":96495516,"price":"4471063404.0000000000000000","qty":"0.00002095","quoteQty":"0.00002089","time":1712445371352,"isBuyerMaker":false},{"id":96495514,"price":"4472222222.0000000000000000","qty":"0.00026240","quoteQty":"0.00026159","time":1712445370044,"isBuyerMaker":false},{"id":96495511,"price":"4470516395.0000000000000000","qty":"0.00001631","quoteQty":"0.00001626","time":1712445369214,"isBuyerMaker":false},{"id":96495499,"price":"4469000000.0000000000000000","qty":"0.00011500","quoteQty":"0.00011500","time":1712445347006,"isBuyerMaker":false},{"id":96495486,"price":"4465560842.0000000000000000","qty":"0.00010952","quoteQty":"488090.08696901","time":1712445341582,"isBuyerMaker":true},{"id":96495480,"price":"4468400173.0000000000000000","qty":"0.00003214","quoteQty":"0.00003214","time":1712445338719,"isBuyerMaker":false},{"id":96495458,"price":"4464221179.0000000000000000","qty":"0.00008343","quoteQty":"0.00008317","time":1712445330719,"isBuyerMaker":false},{"id":96495455,"price":"4465560842.0000000000000000","qty":"0.00001508","quoteQty":"0.00001503","time":1712445330507,"isBuyerMaker":false},{"id":96495452,"price":"4464059869.0000000000000000","qty":"0.00001893","quoteQty":"0.00001887","time":1712445329918,"isBuyerMaker":false},{"id":96495036,"price":"4461485705.0000000000000000","qty":"0.00002389","quoteQty":"0.00002389","time":1712445206989,"isBuyerMaker":false},{"id":96494941,"price":"4460999938.0000000000000000","qty":"0.00001420","quoteQty":"0.00001418","time":1712445176293,"isBuyerMaker":false},{"id":96494526,"price":"4460015240.0000000000000000","qty":"0.00002071","quoteQty":"0.00002064","time":1712445050524,"isBuyerMaker":false},{"id":96494525,"price":"4460999938.0000000000000000","qty":"0.00000932","quoteQty":"0.00000929","time":1712445050113,"isBuyerMaker":false},{"id":96494524,"price":"4460739241.0000000000000000","qty":"0.00001437","quoteQty":"0.00001432","time":1712445049326,"isBuyerMaker":false},{"id":96494494,"price":"4459396623.0000000000000000","qty":"0.00007563","quoteQty":"336589.63826430","time":1712445033857,"isBuyerMaker":true},{"id":96494492,"price":"4459396623.0000000000000000","qty":"0.00009088","quoteQty":"404459.42516804","time":1712445033073,"isBuyerMaker":true},{"id":96494441,"price":"4452211633.0000000000000000","qty":"0.00003455","quoteQty":"0.00003455","time":1712445022950,"isBuyerMaker":false},{"id":96494439,"price":"4455000000.0000000000000000","qty":"0.00549800","quoteQty":"0.00549800","time":1712445022347,"isBuyerMaker":false},{"id":96494437,"price":"4458950728.0000000000000000","qty":"0.00011535","quoteQty":"513311.28654185","time":1712445021849,"isBuyerMaker":true},{"id":96494434,"price":"4454463431.0000000000000000","qty":"0.00004165","quoteQty":"0.00004165","time":1712445021190,"isBuyerMaker":false},{"id":96494430,"price":"4450998123.0000000000000000","qty":"0.00287070","quoteQty":"0.00287070","time":1712445018943,"isBuyerMaker":false},{"id":96494429,"price":"4459747622.0000000000000000","qty":"0.00079829","quoteQty":"0.00079829","time":1712445018236,"isBuyerMaker":false},{"id":96494427,"price":"4452808421.0000000000000000","qty":"0.00046258","quoteQty":"0.00046258","time":1712445017683,"isBuyerMaker":false},{"id":96494424,"price":"4450573899.0000000000000000","qty":"0.00002204","quoteQty":"0.00002204","time":1712445016749,"isBuyerMaker":false},{"id":96494418,"price":"4451165000.0000000000000000","qty":"0.00002295","quoteQty":"0.00002295","time":1712445015450,"isBuyerMaker":false},{"id":96494414,"price":"4458164002.0000000000000000","qty":"0.00001877","quoteQty":"0.00001877","time":1712445013740,"isBuyerMaker":false},{"id":96494409,"price":"4451537585.0000000000000000","qty":"0.00001280","quoteQty":"0.00001280","time":1712445012170,"isBuyerMaker":false},{"id":96494405,"price":"4452808421.0000000000000000","qty":"0.00007342","quoteQty":"0.00007342","time":1712445010456,"isBuyerMaker":false},{"id":96494404,"price":"4457827373.0000000000000000","qty":"0.00002129","quoteQty":"0.00002129","time":1712445008543,"isBuyerMaker":false},{"id":96494403,"price":"4457142857.0000000000000000","qty":"0.00000807","quoteQty":"0.00000807","time":1712445007047,"isBuyerMaker":false},{"id":96494216,"price":"4449537765.0000000000000000","qty":"0.00002033","quoteQty":"0.00002031","time":1712444958265,"isBuyerMaker":false},{"id":96494207,"price":"4450000000.0000000000000000","qty":"0.00002337","quoteQty":"0.00002337","time":1712444958045,"isBuyerMaker":false},{"id":96494203,"price":"4449000000.0000000000000000","qty":"0.00015300","quoteQty":"0.00015286","time":1712444957897,"isBuyerMaker":false},{"id":96494201,"price":"4450000000.0000000000000000","qty":"0.00022725","quoteQty":"0.00022725","time":1712444957764,"isBuyerMaker":false},{"id":96494200,"price":"4448555845.0000000000000000","qty":"0.00002443","quoteQty":"0.00002441","time":1712444957452,"isBuyerMaker":false},{"id":96494198,"price":"4450000000.0000000000000000","qty":"0.00835160","quoteQty":"0.00835160","time":1712444957360,"isBuyerMaker":false},{"id":96494196,"price":"4449981235.0000000000000000","qty":"0.00001484","quoteQty":"0.00001483","time":1712444957028,"isBuyerMaker":false},{"id":96494194,"price":"4449330908.0000000000000000","qty":"0.00002058","quoteQty":"0.00002056","time":1712444956682,"isBuyerMaker":false},{"id":96494192,"price":"4449450213.0000000000000000","qty":"0.00003214","quoteQty":"0.00003211","time":1712444956385,"isBuyerMaker":false},{"id":96494187,"price":"4450000000.0000000000000000","qty":"0.00578833","quoteQty":"0.00578312","time":1712444955743,"isBuyerMaker":false},{"id":96494183,"price":"4450000000.0000000000000000","qty":"0.00122842","quoteQty":"0.00122731","time":1712444954516,"isBuyerMaker":false},{"id":96494164,"price":"4445899996.0000000000000000","qty":"0.00001420","quoteQty":"0.00001418","time":1712444949069,"isBuyerMaker":false},{"id":96493955,"price":"4445143651.0000000000000000","qty":"0.00001437","quoteQty":"0.00001433","time":1712444902081,"isBuyerMaker":false},{"id":96493613,"price":"4444000000.0000000000000000","qty":"0.00405214","quoteQty":"0.00405214","time":1712444791913,"isBuyerMaker":false},{"id":96493572,"price":"4444000000.0000000000000000","qty":"0.00069485","quoteQty":"0.00069388","time":1712444782856,"isBuyerMaker":false},{"id":96493558,"price":"4444000000.0000000000000000","qty":"0.00056145","quoteQty":"0.00056066","time":1712444777033,"isBuyerMaker":false},{"id":96493553,"price":"4443996330.0000000000000000","qty":"0.00002118","quoteQty":"0.00002115","time":1712444775737,"isBuyerMaker":false},{"id":96492814,"price":"4442307690.0000000000000000","qty":"0.00001681","quoteQty":"0.00001679","time":1712444594575,"isBuyerMaker":false},{"id":96492190,"price":"4441335178.0000000000000000","qty":"0.00002063","quoteQty":"0.00002060","time":1712444438899,"isBuyerMaker":false},{"id":96492158,"price":"4440991835.0000000000000000","qty":"0.00000865","quoteQty":"0.00000864","time":1712444429540,"isBuyerMaker":false},{"id":96492156,"price":"4440991835.0000000000000000","qty":"0.00000633","quoteQty":"0.00000632","time":1712444429291,"isBuyerMaker":false},{"id":96491862,"price":"4439859784.0000000000000000","qty":"0.00002034","quoteQty":"0.00002031","time":1712444335491,"isBuyerMaker":false},{"id":96491748,"price":"4439820141.0000000000000000","qty":"0.00112334","quoteQty":"4969971.56074077","time":1712444307354,"isBuyerMaker":true},{"id":96491168,"price":"4439376201.0000000000000000","qty":"0.00002095","quoteQty":"0.00002088","time":1712444138554,"isBuyerMaker":false},{"id":96490995,"price":"4433627852.0000000000000000","qty":"0.00001525","quoteQty":"0.00001523","time":1712444080396,"isBuyerMaker":false},{"id":96490401,"price":"4432582473.0000000000000000","qty":"0.00008343","quoteQty":"0.00008343","time":1712443930503,"isBuyerMaker":false},{"id":96490380,"price":"4430639472.0000000000000000","qty":"0.00003941","quoteQty":"0.00003941","time":1712443918831,"isBuyerMaker":false},{"id":96490326,"price":"4430524661.0000000000000000","qty":"0.00008398","quoteQty":"0.00008398","time":1712443910083,"isBuyerMaker":false},{"id":96490325,"price":"4430524661.0000000000000000","qty":"0.00002379","quoteQty":"0.00002379","time":1712443909617,"isBuyerMaker":false},{"id":96490306,"price":"4430500248.0000000000000000","qty":"0.00000882","quoteQty":"0.00000882","time":1712443898744,"isBuyerMaker":false},{"id":96490304,"price":"4430500248.0000000000000000","qty":"0.00000570","quoteQty":"0.00000570","time":1712443898501,"isBuyerMaker":false},{"id":96490303,"price":"4430500248.0000000000000000","qty":"0.00001762","quoteQty":"0.00001762","time":1712443898240,"isBuyerMaker":false},{"id":96490260,"price":"4430042266.0000000000000000","qty":"0.00002352","quoteQty":"0.00002352","time":1712443886365,"isBuyerMaker":false},{"id":96490259,"price":"4429548060.0000000000000000","qty":"0.00001437","quoteQty":"0.00001435","time":1712443884224,"isBuyerMaker":false},{"id":96489012,"price":"4429299890.0000000000000000","qty":"0.00006706","quoteQty":"295989.24964622","time":1712443365857,"isBuyerMaker":true},{"id":96489010,"price":"4429299807.0000000000000000","qty":"0.00006064","quoteQty":"267652.66570544","time":1712443365652,"isBuyerMaker":true},{"id":96489008,"price":"4429299807.0000000000000000","qty":"0.00065188","quoteQty":"2877266.15633350","time":1712443365390,"isBuyerMaker":true},{"id":96489005,"price":"4408648119.0000000000000000","qty":"0.00040610","quoteQty":"1784085.76912196","time":1712443365043,"isBuyerMaker":true},{"id":96484796,"price":"4429299807.0000000000000000","qty":"0.00047527","quoteQty":"0.00047361","time":1712441859934,"isBuyerMaker":false},{"id":96483016,"price":"4429299807.0000000000000000","qty":"0.00044685","quoteQty":"0.00044529","time":1712441197965,"isBuyerMaker":false},{"id":96479666,"price":"4408648120.0000000000000000","qty":"0.00034104","quoteQty":"1498263.01610284","time":1712439741403,"isBuyerMaker":true},{"id":96478460,"price":"4408648120.0000000000000000","qty":"0.00022683","quoteQty":"996713.60800450","time":1712439207489,"isBuyerMaker":true},{"id":96476747,"price":"4408648119.0000000000000000","qty":"0.00035900","quoteQty":"1577165.20835948","time":1712438508878,"isBuyerMaker":true},{"id":96476608,"price":"4408648119.0000000000000000","qty":"0.00145170","quoteQty":"6377634.35369207","time":1712438468561,"isBuyerMaker":true},{"id":96476379,"price":"4408648118.0000000000000000","qty":"0.00022683","quoteQty":"996713.60755234","time":1712438371925,"isBuyerMaker":true},{"id":96476330,"price":"4408648118.0000000000000000","qty":"0.00091255","quoteQty":"4009030.94864062","time":1712438345092,"isBuyerMaker":true},{"id":96476126,"price":"4429299807.0000000000000000","qty":"0.00033855","quoteQty":"0.00033760","time":1712438261707,"isBuyerMaker":false},{"id":96475505,"price":"4429299807.0000000000000000","qty":"0.00009001","quoteQty":"0.00008971","time":1712438087694,"isBuyerMaker":false},{"id":96475069,"price":"4429299807.0000000000000000","qty":"0.00004132","quoteQty":"0.00004118","time":1712437933467,"isBuyerMaker":false},{"id":96474361,"price":"4429299807.0000000000000000","qty":"0.00003827","quoteQty":"0.00003814","time":1712437688719,"isBuyerMaker":false},{"id":96473019,"price":"4429299807.0000000000000000","qty":"0.00012244","quoteQty":"0.00012201","time":1712437237241,"isBuyerMaker":false},{"id":96472732,"price":"4429299807.0000000000000000","qty":"0.00014615","quoteQty":"0.00014564","time":1712437129854,"isBuyerMaker":false},{"id":96471652,"price":"4429299806.0000000000000000","qty":"0.00002913","quoteQty":"0.00002903","time":1712436712175,"isBuyerMaker":false},{"id":96471651,"price":"4429299807.0000000000000000","qty":"0.00010311","quoteQty":"0.00010275","time":1712436712022,"isBuyerMaker":false},{"id":96471599,"price":"4405100004.0000000000000000","qty":"0.00008400","quoteQty":"368733.30093482","time":1712436693172,"isBuyerMaker":true},{"id":96471348,"price":"4405100004.0000000000000000","qty":"0.00200000","quoteQty":"0.00200000","time":1712436624712,"isBuyerMaker":false},{"id":96470641,"price":"4405100004.0000000000000000","qty":"0.00005824","quoteQty":"255655.08864814","time":1712436401933,"isBuyerMaker":true},{"id":96470286,"price":"4405000001.0000000000000000","qty":"0.00011000","quoteQty":"482854.07510962","time":1712436266187,"isBuyerMaker":true},{"id":96469218,"price":"4405000001.0000000000000000","qty":"0.00004759","quoteQty":"209214.68214749","time":1712435908650,"isBuyerMaker":true},{"id":96467535,"price":"4429080319.0000000000000000","qty":"0.00020404","quoteQty":"0.00020340","time":1712435285466,"isBuyerMaker":false},{"id":96465786,"price":"4405000002.0000000000000000","qty":"0.00033900","quoteQty":"1489113.77467610","time":1712434706744,"isBuyerMaker":true},{"id":96465520,"price":"4429080318.0000000000000000","qty":"0.00045000","quoteQty":"1991093.05695690","time":1712434569876,"isBuyerMaker":true},{"id":96464033,"price":"4429080318.0000000000000000","qty":"0.00003613","quoteQty":"0.00003602","time":1712434082682,"isBuyerMaker":false},{"id":96463645,"price":"4429080318.0000000000000000","qty":"0.00004515","quoteQty":"199773.00338134","time":1712433953351,"isBuyerMaker":true},{"id":96463429,"price":"4429080319.0000000000000000","qty":"0.00004516","quoteQty":"0.00004500","time":1712433873522,"isBuyerMaker":false},{"id":96461595,"price":"4429299805.0000000000000000","qty":"0.00006167","quoteQty":"0.00006145","time":1712433203926,"isBuyerMaker":false},{"id":96461349,"price":"4429299806.0000000000000000","qty":"0.00112862","quoteQty":"0.00112506","time":1712433110722,"isBuyerMaker":false},{"id":96461324,"price":"4403287000.0000000000000000","qty":"0.00006142","quoteQty":"269503.31293361","time":1712433095346,"isBuyerMaker":true},{"id":96460133,"price":"4403286989.0000000000000000","qty":"0.00022711","quoteQty":"996730.40739515","time":1712432687383,"isBuyerMaker":true},{"id":96459712,"price":"4403286989.0000000000000000","qty":"0.00419900","quoteQty":"18437631.74102393","time":1712432534389,"isBuyerMaker":true},{"id":96459556,"price":"4429299806.0000000000000000","qty":"0.00021627","quoteQty":"955242.47997030","time":1712432474339,"isBuyerMaker":true},{"id":96459461,"price":"4429299806.0000000000000000","qty":"0.00001187","quoteQty":"0.00001183","time":1712432440645,"isBuyerMaker":false},{"id":96458071,"price":"4429299806.0000000000000000","qty":"0.00004513","quoteQty":"199194.67019392","time":1712431994384,"isBuyerMaker":true},{"id":96457633,"price":"4426634109.0000000000000000","qty":"0.00040571","quoteQty":"1790003.15627199","time":1712431811198,"isBuyerMaker":true},{"id":96457223,"price":"4426634109.0000000000000000","qty":"0.00009000","quoteQty":"397002.68006566","time":1712431691315,"isBuyerMaker":true},{"id":96456273,"price":"4429299807.0000000000000000","qty":"0.00003399","quoteQty":"0.00003387","time":1712431320818,"isBuyerMaker":false},{"id":96456113,"price":"4426634110.0000000000000000","qty":"0.00021800","quoteQty":"961628.71415407","time":1712431267581,"isBuyerMaker":true},{"id":96454718,"price":"4429299807.0000000000000000","qty":"0.00082554","quoteQty":"0.00082323","time":1712430761134,"isBuyerMaker":false},{"id":96454091,"price":"4426634110.0000000000000000","qty":"0.00035000","quoteQty":"1543899.31171525","time":1712430562661,"isBuyerMaker":true},{"id":96453948,"price":"4429299807.0000000000000000","qty":"0.00072694","quoteQty":"0.00072490","time":1712430523089,"isBuyerMaker":false},{"id":96453946,"price":"4427951866.0000000000000000","qty":"0.00002071","quoteQty":"0.00002065","time":1712430522939,"isBuyerMaker":false},{"id":96453588,"price":"4426634109.0000000000000000","qty":"0.00005539","quoteQty":"0.00005523","time":1712430423828,"isBuyerMaker":false},{"id":96452355,"price":"4426634109.0000000000000000","qty":"0.00012000","quoteQty":"0.00011958","time":1712429988446,"isBuyerMaker":false},{"id":96450232,"price":"4426634109.0000000000000000","qty":"0.00005646","quoteQty":"0.00005626","time":1712429096581,"isBuyerMaker":false},{"id":96449916,"price":"4422668546.0000000000000000","qty":"0.00004165","quoteQty":"0.00004150","time":1712428974637,"isBuyerMaker":false},{"id":96449915,"price":"4426634109.0000000000000000","qty":"0.00069143","quoteQty":"0.00068901","time":1712428974314,"isBuyerMaker":false},{"id":96449914,"price":"4426634109.0000000000000000","qty":"0.00000175","quoteQty":"0.00000174","time":1712428973982,"isBuyerMaker":false},{"id":96449913,"price":"4426634109.0000000000000000","qty":"0.00000364","quoteQty":"0.00000363","time":1712428973726,"isBuyerMaker":false},{"id":96449912,"price":"4426634109.0000000000000000","qty":"0.00000945","quoteQty":"0.00000942","time":1712428973488,"isBuyerMaker":false},{"id":96449599,"price":"4420811655.0000000000000000","qty":"0.00000249","quoteQty":"0.00000248","time":1712428866050,"isBuyerMaker":false},{"id":96449530,"price":"4420200000.0000000000000000","qty":"0.00001234","quoteQty":"0.00001230","time":1712428840958,"isBuyerMaker":false},{"id":96449529,"price":"4420204361.0000000000000000","qty":"0.00003455","quoteQty":"0.00003443","time":1712428840706,"isBuyerMaker":false},{"id":96449528,"price":"4420811655.0000000000000000","qty":"0.00001110","quoteQty":"0.00001106","time":1712428840474,"isBuyerMaker":false},{"id":96449513,"price":"4420200000.0000000000000000","qty":"0.00003340","quoteQty":"0.00003328","time":1712428839132,"isBuyerMaker":false},{"id":96449457,"price":"4420000001.0000000000000000","qty":"0.00005556","quoteQty":"244887.58949540","time":1712428820848,"isBuyerMaker":true},{"id":96448543,"price":"4420000001.0000000000000000","qty":"0.00022656","quoteQty":"997890.31702577","time":1712428516429,"isBuyerMaker":true},{"id":96448464,"price":"4420000003.0000000000000000","qty":"0.00005657","quoteQty":"249164.26226912","time":1712428487465,"isBuyerMaker":true},{"id":96447525,"price":"4420000001.0000000000000000","qty":"0.00005657","quoteQty":"249264.27791639","time":1712428165435,"isBuyerMaker":true},{"id":96447133,"price":"4420000001.0000000000000000","qty":"0.00008467","quoteQty":"372931.55518437","time":1712428019842,"isBuyerMaker":true},{"id":96447052,"price":"4420000000.0000000000000000","qty":"0.00022534","quoteQty":"0.00022460","time":1712428002027,"isBuyerMaker":false},{"id":96447050,"price":"4420000000.0000000000000000","qty":"0.00018171","quoteQty":"0.00018111","time":1712428001784,"isBuyerMaker":false},{"id":96447023,"price":"4414000002.0000000000000000","qty":"0.00108561","quoteQty":"4775110.95327362","time":1712427994269,"isBuyerMaker":true},{"id":96446714,"price":"4420000000.0000000000000000","qty":"0.00022619","quoteQty":"0.00022540","time":1712427860014,"isBuyerMaker":false},{"id":96446467,"price":"4420000000.0000000000000000","qty":"0.00006866","quoteQty":"0.00006843","time":1712427776254,"isBuyerMaker":false},{"id":96446229,"price":"4420000000.0000000000000000","qty":"0.00057359","quoteQty":"0.00057158","time":1712427708104,"isBuyerMaker":false},{"id":96445830,"price":"4420000000.0000000000000000","qty":"0.00003843","quoteQty":"0.00003830","time":1712427571307,"isBuyerMaker":false},{"id":96445716,"price":"4420000000.0000000000000000","qty":"0.00004385","quoteQty":"0.00004371","time":1712427524280,"isBuyerMaker":false},{"id":96445544,"price":"4420000000.0000000000000000","qty":"0.00000757","quoteQty":"0.00000755","time":1712427450391,"isBuyerMaker":false},{"id":96445543,"price":"4417549715.0000000000000000","qty":"0.00002033","quoteQty":"0.00002027","time":1712427449851,"isBuyerMaker":false},{"id":96445540,"price":"4414285711.0000000000000000","qty":"0.00000807","quoteQty":"0.00000805","time":1712427449578,"isBuyerMaker":false},{"id":96445535,"price":"4417112724.0000000000000000","qty":"0.00002058","quoteQty":"0.00002052","time":1712427448704,"isBuyerMaker":false},{"id":96445534,"price":"4419031915.0000000000000000","qty":"0.00002204","quoteQty":"0.00002197","time":1712427448316,"isBuyerMaker":false},{"id":96445533,"price":"4413952477.0000000000000000","qty":"0.00001188","quoteQty":"0.00001184","time":1712427448139,"isBuyerMaker":false},{"id":96444367,"price":"4412722607.0000000000000000","qty":"0.00021887","quoteQty":"962432.25290461","time":1712427067458,"isBuyerMaker":true},{"id":96444360,"price":"4412722607.0000000000000000","qty":"0.00011300","quoteQty":"497156.70075686","time":1712427050826,"isBuyerMaker":true},{"id":96443986,"price":"4412722606.0000000000000000","qty":"0.00002118","quoteQty":"0.00002116","time":1712426851419,"isBuyerMaker":false},{"id":96443985,"price":"4411110000.0000000000000000","qty":"0.00006746","quoteQty":"0.00006738","time":1712426851241,"isBuyerMaker":false},{"id":96443984,"price":"4411550294.0000000000000000","qty":"0.00002721","quoteQty":"0.00002718","time":1712426850977,"isBuyerMaker":false},{"id":96443983,"price":"4411550294.0000000000000000","qty":"0.00000493","quoteQty":"0.00000492","time":1712426850729,"isBuyerMaker":false},{"id":96443982,"price":"4410000000.0000000000000000","qty":"0.00594215","quoteQty":"0.00594215","time":1712426850644,"isBuyerMaker":false},{"id":96443981,"price":"4413952477.0000000000000000","qty":"0.00000249","quoteQty":"0.00000249","time":1712426850522,"isBuyerMaker":false},{"id":96443980,"price":"4410000000.0000000000000000","qty":"0.00028800","quoteQty":"0.00028800","time":1712426850333,"isBuyerMaker":false},{"id":96443882,"price":"4409174895.0000000000000000","qty":"0.00028795","quoteQty":"0.00028795","time":1712426813316,"isBuyerMaker":false},{"id":96443881,"price":"4409174895.0000000000000000","qty":"0.00062546","quoteQty":"0.00062546","time":1712426812843,"isBuyerMaker":false},{"id":96443879,"price":"4409174895.0000000000000000","qty":"0.00002654","quoteQty":"0.00002646","time":1712426811389,"isBuyerMaker":false},{"id":96443878,"price":"4408169200.0000000000000000","qty":"0.00002496","quoteQty":"0.00002488","time":1712426811164,"isBuyerMaker":false},{"id":96443875,"price":"4409174895.0000000000000000","qty":"0.00001107","quoteQty":"0.00001104","time":1712426810898,"isBuyerMaker":false},{"id":96443873,"price":"4407689007.0000000000000000","qty":"0.00002095","quoteQty":"0.00002088","time":1712426810621,"isBuyerMaker":false},{"id":96443872,"price":"4408169136.0000000000000000","qty":"0.00002034","quoteQty":"0.00002028","time":1712426810346,"isBuyerMaker":false},{"id":96443871,"price":"4409174895.0000000000000000","qty":"0.00000956","quoteQty":"0.00000953","time":1712426810114,"isBuyerMaker":false},{"id":96443595,"price":"4403286987.0000000000000000","qty":"0.00001484","quoteQty":"0.00001479","time":1712426707744,"isBuyerMaker":false},{"id":96440977,"price":"4401000000.0000000000000000","qty":"0.00011422","quoteQty":"0.00011422","time":1712425830763,"isBuyerMaker":false},{"id":96440976,"price":"4401000000.0000000000000000","qty":"0.00113610","quoteQty":"0.00113610","time":1712425830018,"isBuyerMaker":false},{"id":96440975,"price":"4401000000.0000000000000000","qty":"0.00006817","quoteQty":"0.00006817","time":1712425829365,"isBuyerMaker":false},{"id":96440974,"price":"4401000000.0000000000000000","qty":"0.00016360","quoteQty":"0.00016360","time":1712425828503,"isBuyerMaker":false},{"id":96440962,"price":"4400999999.0000000000000000","qty":"0.00089502","quoteQty":"0.00089502","time":1712425820524,"isBuyerMaker":false},{"id":96440911,"price":"4400000000.0000000000000000","qty":"0.00348700","quoteQty":"0.00348700","time":1712425813183,"isBuyerMaker":false},{"id":96440910,"price":"4400000000.0000000000000000","qty":"0.00252222","quoteQty":"0.00252222","time":1712425812287,"isBuyerMaker":false},{"id":96440898,"price":"4400000000.0000000000000000","qty":"0.00047778","quoteQty":"0.00047711","time":1712425808713,"isBuyerMaker":false},{"id":96440896,"price":"4400000000.0000000000000000","qty":"0.00004546","quoteQty":"0.00004540","time":1712425807778,"isBuyerMaker":false},{"id":96440894,"price":"4400000000.0000000000000000","qty":"0.00009164","quoteQty":"0.00009151","time":1712425807215,"isBuyerMaker":false},{"id":96440889,"price":"4400000000.0000000000000000","qty":"0.00024900","quoteQty":"0.00024865","time":1712425806489,"isBuyerMaker":false},{"id":96440883,"price":"4400000000.0000000000000000","qty":"0.00118435","quoteQty":"0.00118269","time":1712425805564,"isBuyerMaker":false},{"id":96440860,"price":"4400000000.0000000000000000","qty":"0.01473431","quoteQty":"0.01473431","time":1712425796198,"isBuyerMaker":false},{"id":96440834,"price":"4400000000.0000000000000000","qty":"0.01473386","quoteQty":"0.01473386","time":1712425787828,"isBuyerMaker":false},{"id":96440795,"price":"4400000000.0000000000000000","qty":"0.01473386","quoteQty":"0.01473386","time":1712425779428,"isBuyerMaker":false},{"id":96440762,"price":"4400000000.0000000000000000","qty":"0.01473340","quoteQty":"0.01473340","time":1712425769082,"isBuyerMaker":false},{"id":96440692,"price":"4400000000.0000000000000000","qty":"0.01473386","quoteQty":"0.01473386","time":1712425751179,"isBuyerMaker":false},{"id":96440658,"price":"4400000000.0000000000000000","qty":"0.01473386","quoteQty":"0.01473386","time":1712425735382,"isBuyerMaker":false},{"id":96440633,"price":"4400000000.0000000000000000","qty":"0.01473386","quoteQty":"0.01473386","time":1712425728469,"isBuyerMaker":false},{"id":96440601,"price":"4400000000.0000000000000000","qty":"0.01473386","quoteQty":"0.01473386","time":1712425721964,"isBuyerMaker":false},{"id":96440566,"price":"4400000000.0000000000000000","qty":"0.01473363","quoteQty":"0.01473363","time":1712425710254,"isBuyerMaker":false},{"id":96440535,"price":"4400000000.0000000000000000","qty":"0.01473181","quoteQty":"0.01473181","time":1712425702046,"isBuyerMaker":false},{"id":96440513,"price":"4400000000.0000000000000000","qty":"0.00270950","quoteQty":"0.00270950","time":1712425695764,"isBuyerMaker":false},{"id":96440496,"price":"4400000000.0000000000000000","qty":"0.01473250","quoteQty":"0.01473250","time":1712425687902,"isBuyerMaker":false},{"id":96440410,"price":"4400000000.0000000000000000","qty":"0.00432255","quoteQty":"0.00432255","time":1712425666806,"isBuyerMaker":false},{"id":96440382,"price":"4400000000.0000000000000000","qty":"0.01473363","quoteQty":"0.01473363","time":1712425659400,"isBuyerMaker":false},{"id":96440358,"price":"4400000000.0000000000000000","qty":"0.01473386","quoteQty":"0.01473386","time":1712425651482,"isBuyerMaker":false},{"id":96440279,"price":"4400000000.0000000000000000","qty":"0.01473045","quoteQty":"0.01473045","time":1712425638591,"isBuyerMaker":false},{"id":96440233,"price":"4400000000.0000000000000000","qty":"0.01473113","quoteQty":"0.01473113","time":1712425625122,"isBuyerMaker":false},{"id":96440151,"price":"4400000000.0000000000000000","qty":"0.01473090","quoteQty":"0.01473090","time":1712425605175,"isBuyerMaker":false},{"id":96440129,"price":"4400000000.0000000000000000","qty":"0.01581200","quoteQty":"0.01579429","time":1712425600573,"isBuyerMaker":false},{"id":96439429,"price":"4400000000.0000000000000000","qty":"0.00231559","quoteQty":"0.00231300","time":1712425445410,"isBuyerMaker":false},{"id":96439229,"price":"4400000000.0000000000000000","qty":"0.00096300","quoteQty":"0.00096192","time":1712425395493,"isBuyerMaker":false},{"id":96438865,"price":"4400000000.0000000000000000","qty":"0.00022727","quoteQty":"0.00022655","time":1712425285784,"isBuyerMaker":false},{"id":96438441,"price":"4400000000.0000000000000000","qty":"0.00234762","quoteQty":"0.00234499","time":1712425115031,"isBuyerMaker":false},{"id":96437905,"price":"4390505767.0000000000000000","qty":"0.00012500","quoteQty":"547276.54385655","time":1712424959845,"isBuyerMaker":true},{"id":96437429,"price":"4389188876.0000000000000000","qty":"0.00002393","quoteQty":"104665.67328837","time":1712424799023,"isBuyerMaker":true},{"id":96437394,"price":"4388755070.0000000000000000","qty":"0.00146967","quoteQty":"0.00146802","time":1712424779527,"isBuyerMaker":false},{"id":96437326,"price":"4388755070.0000000000000000","qty":"0.00111267","quoteQty":"0.00111111","time":1712424760567,"isBuyerMaker":false},{"id":96437324,"price":"4388755070.0000000000000000","qty":"0.00023991","quoteQty":"0.00023957","time":1712424758756,"isBuyerMaker":false},{"id":96437213,"price":"4388755070.0000000000000000","qty":"0.00007325","quoteQty":"0.00007315","time":1712424711358,"isBuyerMaker":false},{"id":96437195,"price":"4388755070.0000000000000000","qty":"0.00024410","quoteQty":"0.00024376","time":1712424705533,"isBuyerMaker":false},{"id":96437172,"price":"4388755070.0000000000000000","qty":"0.00113927","quoteQty":"0.00113528","time":1712424696215,"isBuyerMaker":false},{"id":96437057,"price":"4388755070.0000000000000000","qty":"0.00033630","quoteQty":"0.00033583","time":1712424674308,"isBuyerMaker":false},{"id":96437045,"price":"4388755070.0000000000000000","qty":"0.00016331","quoteQty":"0.00016308","time":1712424665941,"isBuyerMaker":false},{"id":96436949,"price":"4388755070.0000000000000000","qty":"0.00030679","quoteQty":"0.00030636","time":1712424634258,"isBuyerMaker":false},{"id":96436827,"price":"4388755070.0000000000000000","qty":"0.00669000","quoteQty":"0.00668251","time":1712424585527,"isBuyerMaker":false},{"id":96436699,"price":"4388755070.0000000000000000","qty":"0.00008140","quoteQty":"0.00008129","time":1712424544501,"isBuyerMaker":false},{"id":96436572,"price":"4388755070.0000000000000000","qty":"0.00035750","quoteQty":"0.00035700","time":1712424489709,"isBuyerMaker":false},{"id":96436558,"price":"4388755070.0000000000000000","qty":"0.00318337","quoteQty":"0.00317891","time":1712424478607,"isBuyerMaker":false},{"id":96436549,"price":"4388755070.0000000000000000","qty":"0.00035445","quoteQty":"0.00035395","time":1712424474164,"isBuyerMaker":false},{"id":96436527,"price":"4388755070.0000000000000000","qty":"0.00037888","quoteQty":"0.00037846","time":1712424468840,"isBuyerMaker":false},{"id":96436466,"price":"4388755070.0000000000000000","qty":"0.00029777","quoteQty":"0.00029735","time":1712424455381,"isBuyerMaker":false},{"id":96436455,"price":"4388755070.0000000000000000","qty":"0.00045767","quoteQty":"0.00045703","time":1712424449168,"isBuyerMaker":false},{"id":96436434,"price":"4388755070.0000000000000000","qty":"0.00046860","quoteQty":"0.00046794","time":1712424441683,"isBuyerMaker":false},{"id":96436417,"price":"4400000000.0000000000000000","qty":"0.00227227","quoteQty":"0.00226432","time":1712424429698,"isBuyerMaker":false},{"id":96435955,"price":"4388755068.0000000000000000","qty":"0.00004557","quoteQty":"199401.58161047","time":1712424255480,"isBuyerMaker":true},{"id":96435538,"price":"4400000000.0000000000000000","qty":"0.00183505","quoteQty":"0.00183299","time":1712424124665,"isBuyerMaker":false},{"id":96434272,"price":"4387000001.0000000000000000","qty":"0.00086736","quoteQty":"0.00086649","time":1712423732287,"isBuyerMaker":false},{"id":96434263,"price":"4387438701.0000000000000000","qty":"0.00049599","quoteQty":"2169270.92528687","time":1712423730708,"isBuyerMaker":true},{"id":96433915,"price":"4387000001.0000000000000000","qty":"0.00064800","quoteQty":"2834844.65560619","time":1712423641103,"isBuyerMaker":true},{"id":96433877,"price":"4400000000.0000000000000000","qty":"0.00127816","quoteQty":"0.00127394","time":1712423630728,"isBuyerMaker":false},{"id":96433740,"price":"4400000000.0000000000000000","qty":"0.00238403","quoteQty":"0.00238136","time":1712423515705,"isBuyerMaker":false},{"id":96433729,"price":"4400000000.0000000000000000","qty":"0.00238402","quoteQty":"0.00238135","time":1712423510377,"isBuyerMaker":false},{"id":96433720,"price":"4387000002.0000000000000000","qty":"0.00005050","quoteQty":"220768.09785065","time":1712423495274,"isBuyerMaker":true},{"id":96433642,"price":"4388755068.0000000000000000","qty":"0.00050136","quoteQty":"0.00050136","time":1712423465960,"isBuyerMaker":false},{"id":96433512,"price":"4400000000.0000000000000000","qty":"0.00005066","quoteQty":"0.00005048","time":1712423430743,"isBuyerMaker":false},{"id":96433497,"price":"4400000000.0000000000000000","qty":"0.00004117","quoteQty":"0.00004103","time":1712423428088,"isBuyerMaker":false},{"id":96433183,"price":"4388755068.0000000000000000","qty":"0.00004100","quoteQty":"0.00004100","time":1712423327051,"isBuyerMaker":false},{"id":96432797,"price":"4398755067.0000000000000000","qty":"0.00286672","quoteQty":"0.00286672","time":1712423195224,"isBuyerMaker":false},{"id":96432744,"price":"4400000000.0000000000000000","qty":"0.00238302","quoteQty":"0.00238035","time":1712423174053,"isBuyerMaker":false},{"id":96432729,"price":"4400000000.0000000000000000","qty":"0.00238202","quoteQty":"0.00237935","time":1712423164466,"isBuyerMaker":false},{"id":96432714,"price":"4400000000.0000000000000000","qty":"0.00238102","quoteQty":"0.00237835","time":1712423159197,"isBuyerMaker":false},{"id":96432686,"price":"4400000000.0000000000000000","qty":"0.00238002","quoteQty":"0.00237735","time":1712423153962,"isBuyerMaker":false},{"id":96432666,"price":"4400000000.0000000000000000","qty":"0.00237931","quoteQty":"0.00237665","time":1712423149337,"isBuyerMaker":false},{"id":96431633,"price":"4400000000.0000000000000000","qty":"0.00171992","quoteQty":"0.00171799","time":1712422830297,"isBuyerMaker":false},{"id":96430938,"price":"4390000000.0000000000000000","qty":"0.00013899","quoteQty":"0.00013899","time":1712422570294,"isBuyerMaker":false},{"id":96430681,"price":"4400000000.0000000000000000","qty":"0.00237443","quoteQty":"0.00237177","time":1712422480955,"isBuyerMaker":false},{"id":96429705,"price":"4400000000.0000000000000000","qty":"0.00010116","quoteQty":"0.00010105","time":1712422159471,"isBuyerMaker":false},{"id":96429603,"price":"4382813651.0000000000000000","qty":"0.00004534","quoteQty":"198021.26223806","time":1712422120182,"isBuyerMaker":true},{"id":96427871,"price":"4400000000.0000000000000000","qty":"0.00191158","quoteQty":"0.00190944","time":1712421530426,"isBuyerMaker":false},{"id":96427257,"price":"4400000000.0000000000000000","qty":"0.00004372","quoteQty":"0.00004357","time":1712421352705,"isBuyerMaker":false},{"id":96425718,"price":"4400000000.0000000000000000","qty":"0.00065254","quoteQty":"0.00065181","time":1712420892235,"isBuyerMaker":false},{"id":96425159,"price":"4383251932.0000000000000000","qty":"0.00047900","quoteQty":"2092229.15356400","time":1712420690318,"isBuyerMaker":true},{"id":96424871,"price":"4395000000.0000000000000000","qty":"0.00026868","quoteQty":"0.00026868","time":1712420615963,"isBuyerMaker":false},{"id":96424830,"price":"4396000001.0000000000000000","qty":"0.00045000","quoteQty":"1971968.67044858","time":1712420608841,"isBuyerMaker":true},{"id":96424829,"price":"4395000000.0000000000000000","qty":"0.00003432","quoteQty":"150361.26534000","time":1712420608429,"isBuyerMaker":true},{"id":96423718,"price":"4395000001.0000000000000000","qty":"0.00011695","quoteQty":"512196.26674154","time":1712420296505,"isBuyerMaker":true},{"id":96423110,"price":"4395000002.0000000000000000","qty":"0.00011377","quoteQty":"0.00011377","time":1712420053572,"isBuyerMaker":false},{"id":96423053,"price":"4400000000.0000000000000000","qty":"0.00052669","quoteQty":"0.00052669","time":1712420030505,"isBuyerMaker":false},{"id":96421236,"price":"4386444105.0000000000000000","qty":"0.00020545","quoteQty":"899392.55148951","time":1712419466851,"isBuyerMaker":true},{"id":96420810,"price":"4400000000.0000000000000000","qty":"0.00011348","quoteQty":"0.00011335","time":1712419350766,"isBuyerMaker":false},{"id":96420238,"price":"4400000000.0000000000000000","qty":"0.00524994","quoteQty":"0.00524994","time":1712419207235,"isBuyerMaker":false},{"id":96419878,"price":"4400000000.0000000000000000","qty":"0.00250709","quoteQty":"0.00250709","time":1712419082154,"isBuyerMaker":false},{"id":96418802,"price":"4400000000.0000000000000000","qty":"0.00005391","quoteQty":"0.00005385","time":1712418731196,"isBuyerMaker":false},{"id":96417882,"price":"4400000000.0000000000000000","qty":"0.00006699","quoteQty":"0.00006691","time":1712418448921,"isBuyerMaker":false},{"id":96417788,"price":"4400000000.0000000000000000","qty":"0.00006815","quoteQty":"0.00006791","time":1712418411169,"isBuyerMaker":false},{"id":96417077,"price":"4400000000.0000000000000000","qty":"0.00164484","quoteQty":"0.00164300","time":1712418160264,"isBuyerMaker":false},{"id":96416244,"price":"4400000000.0000000000000000","qty":"0.00022687","quoteQty":"0.00022662","time":1712417868399,"isBuyerMaker":false},{"id":96415550,"price":"4400000000.0000000000000000","qty":"0.00003556","quoteQty":"0.00003556","time":1712417626665,"isBuyerMaker":false},{"id":96415421,"price":"4400000000.0000000000000000","qty":"0.00055643","quoteQty":"0.00055468","time":1712417590805,"isBuyerMaker":false},{"id":96415378,"price":"4400000000.0000000000000000","qty":"0.00003172","quoteQty":"0.00003161","time":1712417574732,"isBuyerMaker":false},{"id":96413806,"price":"4400000000.0000000000000000","qty":"0.00454472","quoteQty":"0.00452881","time":1712417082997,"isBuyerMaker":false},{"id":96413438,"price":"4400000000.0000000000000000","qty":"0.00049852","quoteQty":"0.00049796","time":1712416965763,"isBuyerMaker":false},{"id":96412749,"price":"4400000000.0000000000000000","qty":"0.00015000","quoteQty":"0.00014953","time":1712416752744,"isBuyerMaker":false},{"id":96412704,"price":"4382813642.0000000000000000","qty":"0.00022900","quoteQty":"1000151.49888394","time":1712416736595,"isBuyerMaker":true},{"id":96412572,"price":"4400000000.0000000000000000","qty":"0.00009993","quoteQty":"0.00009958","time":1712416711528,"isBuyerMaker":false},{"id":96412563,"price":"4400000000.0000000000000000","qty":"0.00008311","quoteQty":"0.00008282","time":1712416710761,"isBuyerMaker":false},{"id":96412366,"price":"4390439004.0000000000000000","qty":"0.00013576","quoteQty":"594377.07038533","time":1712416646874,"isBuyerMaker":true},{"id":96412365,"price":"4382813641.0000000000000000","qty":"0.00284671","quoteQty":"12441664.94159519","time":1712416646723,"isBuyerMaker":true},{"id":96412364,"price":"4390000001.0000000000000000","qty":"0.00227791","quoteQty":"9972024.83255153","time":1712416646568,"isBuyerMaker":true},{"id":96412362,"price":"4390000000.0000000000000000","qty":"0.00085626","quoteQty":"3748456.25208000","time":1712416646315,"isBuyerMaker":true},{"id":96412317,"price":"4400000000.0000000000000000","qty":"0.00076185","quoteQty":"0.00076100","time":1712416629064,"isBuyerMaker":false},{"id":96411271,"price":"4400000000.0000000000000000","qty":"0.00263289","quoteQty":"0.00262920","time":1712416411311,"isBuyerMaker":false},{"id":96410645,"price":"4400000000.0000000000000000","qty":"0.00726135","quoteQty":"0.00725481","time":1712416366345,"isBuyerMaker":false},{"id":96410374,"price":"4390000003.0000000000000000","qty":"0.00274147","quoteQty":"11992930.62164562","time":1712416337269,"isBuyerMaker":true},{"id":96410236,"price":"4400000000.0000000000000000","qty":"0.00046546","quoteQty":"0.00046383","time":1712416282443,"isBuyerMaker":false},{"id":96409537,"price":"4400000000.0000000000000000","qty":"0.00227273","quoteQty":"0.00226773","time":1712416062709,"isBuyerMaker":false},{"id":96409300,"price":"4390000003.0000000000000000","qty":"0.00084911","quoteQty":"3714546.32738841","time":1712415970551,"isBuyerMaker":true},{"id":96409135,"price":"4400000000.0000000000000000","qty":"0.01474977","quoteQty":"0.01474977","time":1712415913733,"isBuyerMaker":false},{"id":96409090,"price":"4400000000.0000000000000000","qty":"0.01475681","quoteQty":"0.01475681","time":1712415887506,"isBuyerMaker":false},{"id":96409067,"price":"4400000000.0000000000000000","qty":"0.01475000","quoteQty":"0.01475000","time":1712415879862,"isBuyerMaker":false},{"id":96409003,"price":"4400000000.0000000000000000","qty":"0.01475000","quoteQty":"0.01475000","time":1712415862099,"isBuyerMaker":false},{"id":96408985,"price":"4400000000.0000000000000000","qty":"0.01475000","quoteQty":"0.01475000","time":1712415855180,"isBuyerMaker":false},{"id":96408949,"price":"4400000000.0000000000000000","qty":"0.01475750","quoteQty":"0.01475750","time":1712415848084,"isBuyerMaker":false},{"id":96408844,"price":"4400000000.0000000000000000","qty":"0.01475750","quoteQty":"0.01475750","time":1712415840089,"isBuyerMaker":false},{"id":96408790,"price":"4400000000.0000000000000000","qty":"0.01475750","quoteQty":"0.01475750","time":1712415833178,"isBuyerMaker":false},{"id":96408780,"price":"4400000000.0000000000000000","qty":"0.01475795","quoteQty":"0.01475795","time":1712415826482,"isBuyerMaker":false},{"id":96408761,"price":"4400000000.0000000000000000","qty":"0.01475795","quoteQty":"0.01475795","time":1712415820927,"isBuyerMaker":false},{"id":96408749,"price":"4400000000.0000000000000000","qty":"0.01475795","quoteQty":"0.01475795","time":1712415813839,"isBuyerMaker":false},{"id":96408705,"price":"4400000000.0000000000000000","qty":"0.01475795","quoteQty":"0.01475795","time":1712415806476,"isBuyerMaker":false},{"id":96408690,"price":"4400000000.0000000000000000","qty":"0.01475795","quoteQty":"0.01475795","time":1712415799981,"isBuyerMaker":false},{"id":96408631,"price":"4400000000.0000000000000000","qty":"0.01475090","quoteQty":"0.01475090","time":1712415779003,"isBuyerMaker":false},{"id":96408591,"price":"4400000000.0000000000000000","qty":"0.00136766","quoteQty":"0.00136335","time":1712415770002,"isBuyerMaker":false},{"id":96408580,"price":"4400000000.0000000000000000","qty":"0.01475090","quoteQty":"0.01475090","time":1712415769697,"isBuyerMaker":false},{"id":96408120,"price":"4400000000.0000000000000000","qty":"0.00004542","quoteQty":"0.00004526","time":1712415548564,"isBuyerMaker":false},{"id":96405255,"price":"4400000000.0000000000000000","qty":"0.01475386","quoteQty":"0.01475386","time":1712414530328,"isBuyerMaker":false},{"id":96405204,"price":"4400000000.0000000000000000","qty":"0.00147710","quoteQty":"0.00147193","time":1712414511676,"isBuyerMaker":false},{"id":96405199,"price":"4400000000.0000000000000000","qty":"0.01475318","quoteQty":"0.01475318","time":1712414510030,"isBuyerMaker":false},{"id":96404807,"price":"4390000003.0000000000000000","qty":"0.00338998","quoteQty":"14840342.57598146","time":1712414425184,"isBuyerMaker":true},{"id":96404753,"price":"4400000000.0000000000000000","qty":"0.00113613","quoteQty":"0.00113215","time":1712414402343,"isBuyerMaker":false},{"id":96404137,"price":"4400000000.0000000000000000","qty":"0.00002494","quoteQty":"0.00002485","time":1712414207108,"isBuyerMaker":false},{"id":96403439,"price":"4390000003.0000000000000000","qty":"0.00035628","quoteQty":"1558594.95886510","time":1712413969754,"isBuyerMaker":true},{"id":96403003,"price":"4390000003.0000000000000000","qty":"0.00002427","quoteQty":"106172.39152256","time":1712413812611,"isBuyerMaker":true},{"id":96400121,"price":"4390000002.0000000000000000","qty":"0.00007901","quoteQty":"345639.91150747","time":1712412838507,"isBuyerMaker":true},{"id":96399701,"price":"4390000002.0000000000000000","qty":"0.00088500","quoteQty":"3871551.97676380","time":1712412699899,"isBuyerMaker":true},{"id":96396159,"price":"4390000000.0000000000000000","qty":"0.00003195","quoteQty":"0.00003184","time":1712411537971,"isBuyerMaker":false},{"id":96394512,"price":"4382761300.0000000000000000","qty":"0.00035677","quoteQty":"1558165.01687950","time":1712410996564,"isBuyerMaker":true},{"id":96394216,"price":"4400000000.0000000000000000","qty":"0.00003409","quoteQty":"0.00003397","time":1712410910565,"isBuyerMaker":false},{"id":96390542,"price":"4382761301.0000000000000000","qty":"0.00005000","quoteQty":"218371.08182232","time":1712409493025,"isBuyerMaker":true},{"id":96389643,"price":"4382761301.0000000000000000","qty":"0.00052605","quoteQty":"2299096.03796036","time":1712409200104,"isBuyerMaker":true},{"id":96388491,"price":"4400943769.0000000000000000","qty":"0.00064607","quoteQty":"2835356.45116348","time":1712408780279,"isBuyerMaker":true},{"id":96388490,"price":"4382761299.0000000000000000","qty":"0.00003693","quoteQty":"161402.17972271","time":1712408780055,"isBuyerMaker":true},{"id":96388411,"price":"4400999997.0000000000000000","qty":"0.00002718","quoteQty":"0.00002708","time":1712408742820,"isBuyerMaker":false},{"id":96387287,"price":"4400999998.0000000000000000","qty":"0.00024820","quoteQty":"0.00024770","time":1712408390387,"isBuyerMaker":false},{"id":96387283,"price":"4400943769.0000000000000000","qty":"0.00040579","quoteQty":"1779608.46562043","time":1712408384740,"isBuyerMaker":true},{"id":96386844,"price":"4400999998.0000000000000000","qty":"0.00027286","quoteQty":"0.00027190","time":1712408186224,"isBuyerMaker":false},{"id":96386720,"price":"4400943769.0000000000000000","qty":"0.00008343","quoteQty":"0.00008317","time":1712408147307,"isBuyerMaker":false},{"id":96386575,"price":"4400943768.0000000000000000","qty":"0.00044998","quoteQty":"0.00044841","time":1712408098810,"isBuyerMaker":false},{"id":96386574,"price":"4400943768.0000000000000000","qty":"0.00014018","quoteQty":"0.00013969","time":1712408098586,"isBuyerMaker":false},{"id":96386505,"price":"4400943768.0000000000000000","qty":"0.00008815","quoteQty":"0.00008790","time":1712408083823,"isBuyerMaker":false},{"id":96386504,"price":"4400943768.0000000000000000","qty":"0.00052262","quoteQty":"0.00052116","time":1712408083312,"isBuyerMaker":false},{"id":96386502,"price":"4400943768.0000000000000000","qty":"0.00006931","quoteQty":"0.00006912","time":1712408083011,"isBuyerMaker":false},{"id":96380712,"price":"4400943768.0000000000000000","qty":"0.00004541","quoteQty":"0.00004525","time":1712406443872,"isBuyerMaker":false},{"id":96380299,"price":"4400943765.0000000000000000","qty":"0.00002500","quoteQty":"0.00002495","time":1712406278850,"isBuyerMaker":false},{"id":96379084,"price":"4392600324.0000000000000000","qty":"0.00000049","quoteQty":"0.00000049","time":1712405862704,"isBuyerMaker":false},{"id":96379083,"price":"4398356885.0000000000000000","qty":"0.00001437","quoteQty":"0.00001434","time":1712405862443,"isBuyerMaker":false},{"id":96377581,"price":"4368736640.0000000000000000","qty":"0.00026800","quoteQty":"1166723.54455168","time":1712405354309,"isBuyerMaker":true},{"id":96376886,"price":"4392600318.0000000000000000","qty":"0.00002436","quoteQty":"0.00002427","time":1712405146138,"isBuyerMaker":false},{"id":96375535,"price":"4368736633.0000000000000000","qty":"0.00034833","quoteQty":"1516435.86426308","time":1712404671977,"isBuyerMaker":true},{"id":96375330,"price":"4392600323.0000000000000000","qty":"0.00034941","quoteQty":"0.00034819","time":1712404606793,"isBuyerMaker":false},{"id":96375324,"price":"4392600323.0000000000000000","qty":"0.00029644","quoteQty":"0.00029540","time":1712404605205,"isBuyerMaker":false},{"id":96375251,"price":"4368736632.0000000000000000","qty":"0.00029524","quoteQty":"1285311.41292037","time":1712404589440,"isBuyerMaker":true},{"id":96374840,"price":"4368736630.0000000000000000","qty":"0.00425430","quoteQty":"18533875.67952297","time":1712404470934,"isBuyerMaker":true},{"id":96374833,"price":"4369305065.0000000000000000","qty":"0.00213237","quoteQty":"9284365.62880896","time":1712404468490,"isBuyerMaker":true},{"id":96374832,"price":"4369305065.0000000000000000","qty":"0.00008343","quoteQty":"363255.26264744","time":1712404468027,"isBuyerMaker":true},{"id":96374830,"price":"4371796726.0000000000000000","qty":"0.00006467","quoteQty":"281734.55994047","time":1712404465731,"isBuyerMaker":true},{"id":96374829,"price":"4368736629.0000000000000000","qty":"0.00021078","quoteQty":"917619.35858731","time":1712404465245,"isBuyerMaker":true},{"id":96374797,"price":"4373865812.0000000000000000","qty":"0.00004184","quoteQty":"182362.03666457","time":1712404456825,"isBuyerMaker":true},{"id":96374796,"price":"4378280291.0000000000000000","qty":"0.00014975","quoteQty":"653352.70741973","time":1712404456529,"isBuyerMaker":true},{"id":96374795,"price":"4382761299.0000000000000000","qty":"0.00001437","quoteQty":"62759.84888710","time":1712404456298,"isBuyerMaker":true},{"id":96374794,"price":"4373650366.0000000000000000","qty":"0.00000049","quoteQty":"2135.58786896","time":1712404456107,"isBuyerMaker":true},{"id":96374792,"price":"4390000001.0000000000000000","qty":"0.00000064","quoteQty":"2799.76640064","time":1712404455582,"isBuyerMaker":true},{"id":96374783,"price":"4371796726.0000000000000000","qty":"0.00015557","quoteQty":"677739.99520550","time":1712404455300,"isBuyerMaker":true},{"id":96373521,"price":"4400999999.0000000000000000","qty":"0.00016742","quoteQty":"0.00016709","time":1712404045949,"isBuyerMaker":false},{"id":96370856,"price":"4398356886.0000000000000000","qty":"0.00044377","quoteQty":"1951858.83530022","time":1712403074016,"isBuyerMaker":true},{"id":96370402,"price":"4398356886.0000000000000000","qty":"0.00011368","quoteQty":"498255.19256268","time":1712402956400,"isBuyerMaker":true},{"id":96369103,"price":"4400356885.0000000000000000","qty":"0.00009100","quoteQty":"0.00009068","time":1712402528884,"isBuyerMaker":false},{"id":96367028,"price":"4400356884.0000000000000000","qty":"0.00011363","quoteQty":"0.00011323","time":1712401788380,"isBuyerMaker":false},{"id":96366903,"price":"4400356885.0000000000000000","qty":"0.00017745","quoteQty":"0.00017683","time":1712401736849,"isBuyerMaker":false},{"id":96366116,"price":"4398356886.0000000000000000","qty":"0.00104400","quoteQty":"4575812.99292256","time":1712401399773,"isBuyerMaker":true},{"id":96364532,"price":"4398356886.0000000000000000","qty":"0.00008273","quoteQty":"362602.49895065","time":1712400806465,"isBuyerMaker":true},{"id":96364519,"price":"4398356886.0000000000000000","qty":"0.00010700","quoteQty":"468977.00214819","time":1712400804887,"isBuyerMaker":true},{"id":96364435,"price":"4400356883.0000000000000000","qty":"0.01561263","quoteQty":"0.01557204","time":1712400781782,"isBuyerMaker":false},{"id":96364433,"price":"4400356884.0000000000000000","qty":"0.00136976","quoteQty":"0.00136620","time":1712400781445,"isBuyerMaker":false},{"id":96364432,"price":"4400356886.0000000000000000","qty":"0.00010291","quoteQty":"0.00010264","time":1712400780453,"isBuyerMaker":false},{"id":96363849,"price":"4398356886.0000000000000000","qty":"0.00048849","quoteQty":"2141033.41849879","time":1712400583856,"isBuyerMaker":true},{"id":96363644,"price":"4400356883.0000000000000000","qty":"0.00029537","quoteQty":"0.00029454","time":1712400521181,"isBuyerMaker":false},{"id":96362464,"price":"4400356884.0000000000000000","qty":"0.00044924","quoteQty":"0.00044767","time":1712400101216,"isBuyerMaker":false},{"id":96360557,"price":"4400356884.0000000000000000","qty":"0.00010734","quoteQty":"0.00010696","time":1712399501641,"isBuyerMaker":false},{"id":96360556,"price":"4400356886.0000000000000000","qty":"0.00008813","quoteQty":"0.00008782","time":1712399500589,"isBuyerMaker":false},{"id":96360045,"price":"4398356886.0000000000000000","qty":"0.00086186","quoteQty":"3781215.13074622","time":1712399351240,"isBuyerMaker":true},{"id":96360044,"price":"4398356886.0000000000000000","qty":"0.00003344","quoteQty":"146710.41001109","time":1712399350703,"isBuyerMaker":true},{"id":96360043,"price":"4398356886.0000000000000000","qty":"0.00069620","quoteQty":"3054419.48115184","time":1712399350081,"isBuyerMaker":true},{"id":96359774,"price":"4400356884.0000000000000000","qty":"0.00014604","quoteQty":"0.00014575","time":1712399223790,"isBuyerMaker":false},{"id":96359466,"price":"4400356886.0000000000000000","qty":"0.00192406","quoteQty":"0.00191733","time":1712399145421,"isBuyerMaker":false},{"id":96359044,"price":"4398356886.0000000000000000","qty":"0.00011000","quoteQty":"482125.89005889","time":1712398915558,"isBuyerMaker":true},{"id":96358185,"price":"4398356886.0000000000000000","qty":"0.00003222","quoteQty":"141219.05616089","time":1712398608856,"isBuyerMaker":true},{"id":96357819,"price":"4398356886.0000000000000000","qty":"0.00004053","quoteQty":"177641.47567352","time":1712398468661,"isBuyerMaker":true},{"id":96356384,"price":"4398356886.0000000000000000","qty":"0.00022421","quoteQty":"983394.36173731","time":1712397963821,"isBuyerMaker":true},{"id":96355215,"price":"4398356886.0000000000000000","qty":"0.00022622","quoteQty":"991862.05642245","time":1712397627431,"isBuyerMaker":true},{"id":96353182,"price":"4401000000.0000000000000000","qty":"0.00008000","quoteQty":"0.00007975","time":1712396842322,"isBuyerMaker":false},{"id":96350993,"price":"4398356886.0000000000000000","qty":"0.00011228","quoteQty":"492119.04487102","time":1712396153834,"isBuyerMaker":true},{"id":96350177,"price":"4398356887.0000000000000000","qty":"0.00002337","quoteQty":"102697.08980879","time":1712395964871,"isBuyerMaker":true},{"id":96350175,"price":"4398356886.0000000000000000","qty":"0.00019504","quoteQty":"857083.45707110","time":1712395964465,"isBuyerMaker":true},{"id":96349317,"price":"4400000001.0000000000000000","qty":"0.00023019","quoteQty":"1010000.05942955","time":1712395818332,"isBuyerMaker":true},{"id":96347927,"price":"4400000000.0000000000000000","qty":"0.00074752","quoteQty":"0.00074490","time":1712395368250,"isBuyerMaker":false},{"id":96347926,"price":"4401000000.0000000000000000","qty":"0.00038908","quoteQty":"0.00038772","time":1712395367691,"isBuyerMaker":false},{"id":96346019,"price":"4401000000.0000000000000000","qty":"0.00004545","quoteQty":"0.00004529","time":1712394749761,"isBuyerMaker":false},{"id":96345465,"price":"4401000000.0000000000000000","qty":"0.00426625","quoteQty":"0.00425430","time":1712394574317,"isBuyerMaker":false},{"id":96345310,"price":"4401000000.0000000000000000","qty":"0.00082513","quoteQty":"0.00082282","time":1712394519753,"isBuyerMaker":false},{"id":96344413,"price":"4401000000.0000000000000000","qty":"0.00011656","quoteQty":"0.00011623","time":1712394217366,"isBuyerMaker":false},{"id":96344134,"price":"4401000000.0000000000000000","qty":"0.00005868","quoteQty":"0.00005847","time":1712394126884,"isBuyerMaker":false},{"id":96342996,"price":"4401000000.0000000000000000","qty":"0.00020446","quoteQty":"0.00020389","time":1712393781439,"isBuyerMaker":false},{"id":96342595,"price":"4401000000.0000000000000000","qty":"0.00022462","quoteQty":"0.00022399","time":1712393666069,"isBuyerMaker":false},{"id":96342558,"price":"4401000000.0000000000000000","qty":"0.00018625","quoteQty":"0.00018573","time":1712393654083,"isBuyerMaker":false},{"id":96340051,"price":"4401401401.0000000000000000","qty":"0.00229473","quoteQty":"0.00229473","time":1712392886621,"isBuyerMaker":false},{"id":96340020,"price":"4400943770.0000000000000000","qty":"0.00008343","quoteQty":"0.00008343","time":1712392880011,"isBuyerMaker":false},{"id":96340011,"price":"4400942770.0000000000000000","qty":"0.00117281","quoteQty":"0.00117281","time":1712392873597,"isBuyerMaker":false},{"id":96339608,"price":"4400942770.0000000000000000","qty":"0.00340767","quoteQty":"0.00339813","time":1712392694034,"isBuyerMaker":false},{"id":96339601,"price":"4400000000.0000000000000000","qty":"0.00590000","quoteQty":"0.00590000","time":1712392692756,"isBuyerMaker":false},{"id":96339596,"price":"4400000000.0000000000000000","qty":"0.00003195","quoteQty":"0.00003195","time":1712392692474,"isBuyerMaker":false},{"id":96338556,"price":"4400000000.0000000000000000","qty":"0.00043169","quoteQty":"0.00043018","time":1712392309207,"isBuyerMaker":false},{"id":96338534,"price":"4400000000.0000000000000000","qty":"0.00113636","quoteQty":"0.00113238","time":1712392296156,"isBuyerMaker":false},{"id":96338476,"price":"4400000000.0000000000000000","qty":"0.00250251","quoteQty":"0.00249971","time":1712392280773,"isBuyerMaker":false},{"id":96337885,"price":"4400000000.0000000000000000","qty":"0.00004546","quoteQty":"0.00004530","time":1712392107089,"isBuyerMaker":false},{"id":96337596,"price":"4400000000.0000000000000000","qty":"0.00005967","quoteQty":"0.00005947","time":1712392015833,"isBuyerMaker":false},{"id":96336738,"price":"4400000000.0000000000000000","qty":"0.00272672","quoteQty":"0.00271718","time":1712391723263,"isBuyerMaker":false},{"id":96336151,"price":"4400000000.0000000000000000","qty":"0.01363427","quoteQty":"0.01359623","time":1712391526242,"isBuyerMaker":false},{"id":96335728,"price":"4400000000.0000000000000000","qty":"0.00038042","quoteQty":"0.00037999","time":1712391380569,"isBuyerMaker":false},{"id":96335127,"price":"4398356887.0000000000000000","qty":"0.00026115","quoteQty":"1144610.69288641","time":1712391175587,"isBuyerMaker":true},{"id":96334776,"price":"4400000000.0000000000000000","qty":"0.00004545","quoteQty":"0.00004529","time":1712391082759,"isBuyerMaker":false},{"id":96334590,"price":"4400000000.0000000000000000","qty":"0.00102273","quoteQty":"0.00101987","time":1712391034844,"isBuyerMaker":false},{"id":96332617,"price":"4398356886.0000000000000000","qty":"0.00001437","quoteQty":"0.00001433","time":1712390525505,"isBuyerMaker":false},{"id":96332012,"price":"4390000003.0000000000000000","qty":"0.00022514","quoteQty":"984905.32457306","time":1712390297875,"isBuyerMaker":true},{"id":96330758,"price":"4390000002.0000000000000000","qty":"0.00020977","quoteQty":"917667.18436807","time":1712389922922,"isBuyerMaker":true},{"id":96330648,"price":"4390000002.0000000000000000","qty":"0.00313895","quoteQty":"13757942.52146786","time":1712389889317,"isBuyerMaker":true},{"id":96330269,"price":"4390000002.0000000000000000","qty":"0.00000024","quoteQty":"1051.91424048","time":1712389794642,"isBuyerMaker":true},{"id":96330267,"price":"4390000001.0000000000000000","qty":"0.00395576","quoteQty":"17338001.14570943","time":1712389794126,"isBuyerMaker":true},{"id":96330243,"price":"4390000002.0000000000000000","qty":"0.01573200","quoteQty":"68952978.46341366","time":1712389785958,"isBuyerMaker":true},{"id":96330106,"price":"4390000002.0000000000000000","qty":"0.00003598","quoteQty":"157399.36737171","time":1712389749390,"isBuyerMaker":true},{"id":96329729,"price":"4390000002.0000000000000000","qty":"0.00017678","quoteQty":"773347.97565232","time":1712389626668,"isBuyerMaker":true},{"id":96328019,"price":"4390000002.0000000000000000","qty":"0.01346600","quoteQty":"58908834.93683774","time":1712389037807,"isBuyerMaker":true},{"id":96327566,"price":"4392600327.0000000000000000","qty":"0.00100596","quoteQty":"0.00100596","time":1712388890304,"isBuyerMaker":false},{"id":96327565,"price":"4392600327.0000000000000000","qty":"0.00007829","quoteQty":"0.00007829","time":1712388890027,"isBuyerMaker":false},{"id":96327564,"price":"4392600327.0000000000000000","qty":"0.00003308","quoteQty":"0.00003308","time":1712388889762,"isBuyerMaker":false},{"id":96327563,"price":"4392600327.0000000000000000","qty":"0.00239873","quoteQty":"0.00239873","time":1712388889475,"isBuyerMaker":false},{"id":96327526,"price":"4392600327.0000000000000000","qty":"0.01476437","quoteQty":"0.01476437","time":1712388873252,"isBuyerMaker":false},{"id":96327516,"price":"4392600327.0000000000000000","qty":"0.01476437","quoteQty":"0.01476437","time":1712388866237,"isBuyerMaker":false},{"id":96327429,"price":"4392600327.0000000000000000","qty":"0.01476574","quoteQty":"0.01476574","time":1712388832296,"isBuyerMaker":false},{"id":96327367,"price":"4392600327.0000000000000000","qty":"0.01476437","quoteQty":"0.01476437","time":1712388814120,"isBuyerMaker":false},{"id":96327144,"price":"4392600327.0000000000000000","qty":"0.00011380","quoteQty":"0.00011344","time":1712388743201,"isBuyerMaker":false},{"id":96326361,"price":"4392600325.0000000000000000","qty":"0.00000049","quoteQty":"0.00000049","time":1712388453271,"isBuyerMaker":false},{"id":96326359,"price":"4392600327.0000000000000000","qty":"0.00016725","quoteQty":"0.00016692","time":1712388452862,"isBuyerMaker":false},{"id":96324287,"price":"4390000006.0000000000000000","qty":"0.00155300","quoteQty":"6793808.16428539","time":1712387732835,"isBuyerMaker":true},{"id":96322902,"price":"4390000002.0000000000000000","qty":"0.00285548","quoteQty":"12494189.86693211","time":1712387273780,"isBuyerMaker":true},{"id":96322758,"price":"4390000001.0000000000000000","qty":"0.00007500","quoteQty":"0.00007475","time":1712387235201,"isBuyerMaker":false},{"id":96322757,"price":"4390000001.0000000000000000","qty":"0.00059182","quoteQty":"0.00058987","time":1712387234996,"isBuyerMaker":false},{"id":96322756,"price":"4390000001.0000000000000000","qty":"0.00011494","quoteQty":"0.00011456","time":1712387234806,"isBuyerMaker":false},{"id":96322755,"price":"4390000001.0000000000000000","qty":"0.00003257","quoteQty":"0.00003246","time":1712387234600,"isBuyerMaker":false},{"id":96322754,"price":"4390000001.0000000000000000","qty":"0.00027600","quoteQty":"0.00027509","time":1712387234363,"isBuyerMaker":false},{"id":96322753,"price":"4390000001.0000000000000000","qty":"0.00064712","quoteQty":"0.00064498","time":1712387234047,"isBuyerMaker":false},{"id":96318864,"price":"4390000001.0000000000000000","qty":"0.00004556","quoteQty":"0.00004542","time":1712385977524,"isBuyerMaker":false},{"id":96314777,"price":"4390000001.0000000000000000","qty":"0.00205632","quoteQty":"0.00204912","time":1712384640150,"isBuyerMaker":false},{"id":96314776,"price":"4390000001.0000000000000000","qty":"0.00044368","quoteQty":"0.00044213","time":1712384639888,"isBuyerMaker":false},{"id":96314414,"price":"4390000001.0000000000000000","qty":"0.00003000","quoteQty":"0.00002990","time":1712384532700,"isBuyerMaker":false},{"id":96314290,"price":"4371796727.0000000000000000","qty":"0.00021161","quoteQty":"923265.67358967","time":1712384492295,"isBuyerMaker":true},{"id":96314289,"price":"4371796726.0000000000000000","qty":"0.00003676","quoteQty":"160385.83315246","time":1712384491988,"isBuyerMaker":true},{"id":96313900,"price":"4371796728.0000000000000000","qty":"0.00005552","quoteQty":"241872.62679838","time":1712384355205,"isBuyerMaker":true},{"id":96313789,"price":"4390000001.0000000000000000","qty":"0.00005571","quoteQty":"0.00005552","time":1712384314616,"isBuyerMaker":false},{"id":96312878,"price":"4373650367.0000000000000000","qty":"0.00021861","quoteQty":"0.00021841","time":1712383970638,"isBuyerMaker":false},{"id":96311312,"price":"4373650367.0000000000000000","qty":"0.00000049","quoteQty":"2135.58786945","time":1712383425848,"isBuyerMaker":true},{"id":96311311,"price":"4390000000.0000000000000000","qty":"0.00317610","quoteQty":"13894278.22350000","time":1712383425551,"isBuyerMaker":true},{"id":96311310,"price":"4371796729.0000000000000000","qty":"0.00004574","quoteQty":"199266.10144611","time":1712383425243,"isBuyerMaker":true},{"id":96311308,"price":"4371796727.0000000000000000","qty":"0.00022726","quoteQty":"990057.15334340","time":1712383424908,"isBuyerMaker":true},{"id":96311303,"price":"4371796727.0000000000000000","qty":"0.00001672","quoteQty":"72840.60373098","time":1712383424490,"isBuyerMaker":true},{"id":96310818,"price":"4390000001.0000000000000000","qty":"0.00033644","quoteQty":"0.00033606","time":1712383253731,"isBuyerMaker":false},{"id":96308357,"price":"4390000000.0000000000000000","qty":"0.00015784","quoteQty":"691531.76480000","time":1712382439325,"isBuyerMaker":true},{"id":96308210,"price":"4391000000.0000000000000000","qty":"0.00003417","quoteQty":"149545.33644900","time":1712382399377,"isBuyerMaker":true},{"id":96304736,"price":"4392600326.0000000000000000","qty":"0.00011601","quoteQty":"0.00011578","time":1712381149490,"isBuyerMaker":false},{"id":96304735,"price":"4390873660.0000000000000000","qty":"0.00004165","quoteQty":"0.00004157","time":1712381149106,"isBuyerMaker":false},{"id":96304734,"price":"4392600326.0000000000000000","qty":"0.00000049","quoteQty":"0.00000049","time":1712381148648,"isBuyerMaker":false},{"id":96301194,"price":"4390000000.0000000000000000","qty":"0.00061300","quoteQty":"0.00061098","time":1712380021014,"isBuyerMaker":false},{"id":96301192,"price":"4390000000.0000000000000000","qty":"0.00174691","quoteQty":"0.00174115","time":1712380020738,"isBuyerMaker":false},{"id":96301097,"price":"4390000000.0000000000000000","qty":"0.00784931","quoteQty":"0.00783361","time":1712379994058,"isBuyerMaker":false},{"id":96297819,"price":"4371796730.0000000000000000","qty":"0.00013889","quoteQty":"605984.45013404","time":1712378864803,"isBuyerMaker":true},{"id":96296641,"price":"4390000000.0000000000000000","qty":"0.00029317","quoteQty":"0.00029258","time":1712378486016,"isBuyerMaker":false},{"id":96295092,"price":"4371796730.0000000000000000","qty":"0.00036599","quoteQty":"1594993.77847428","time":1712377951635,"isBuyerMaker":true},{"id":96294304,"price":"4371796730.0000000000000000","qty":"0.00034676","quoteQty":"1510658.35927547","time":1712377698619,"isBuyerMaker":true},{"id":96289962,"price":"4371796730.0000000000000000","qty":"0.00004895","quoteQty":"213250.45185873","time":1712376098967,"isBuyerMaker":true},{"id":96287808,"price":"4371796730.0000000000000000","qty":"0.00023322","quoteQty":"1016021.86685380","time":1712375248504,"isBuyerMaker":true},{"id":96284612,"price":"4390000000.0000000000000000","qty":"0.00011061","quoteQty":"0.00011022","time":1712374066403,"isBuyerMaker":false},{"id":96283662,"price":"4371796728.0000000000000000","qty":"0.00004000","quoteQty":"174259.81757808","time":1712373786603,"isBuyerMaker":true},{"id":96277332,"price":"4371796727.0000000000000000","qty":"0.00002902","quoteQty":"126425.49762398","time":1712371495687,"isBuyerMaker":true},{"id":96277331,"price":"4373650368.0000000000000000","qty":"0.00000049","quoteQty":"2135.58786994","time":1712371495424,"isBuyerMaker":true},{"id":96275466,"price":"4389555003.0000000000000000","qty":"0.00186635","quoteQty":"8192445.97984905","time":1712370878083,"isBuyerMaker":true},{"id":96275362,"price":"4389555003.0000000000000000","qty":"0.00021643","quoteQty":"947371.30140925","time":1712370775152,"isBuyerMaker":true},{"id":96274377,"price":"4389555004.0000000000000000","qty":"0.00008931","quoteQty":"391247.09509243","time":1712370394983,"isBuyerMaker":true},{"id":96274374,"price":"4389555003.0000000000000000","qty":"0.00021884","quoteQty":"958688.99642281","time":1712370394753,"isBuyerMaker":true},{"id":96271600,"price":"4389555004.0000000000000000","qty":"0.00015807","quoteQty":"691914.15999573","time":1712369414900,"isBuyerMaker":true},{"id":96271599,"price":"4389555004.0000000000000000","qty":"0.00006975","quoteQty":"305314.18143672","time":1712369414329,"isBuyerMaker":true},{"id":96266506,"price":"4389555004.0000000000000000","qty":"0.00020627","quoteQty":"902264.49338772","time":1712367635207,"isBuyerMaker":true},{"id":96266505,"price":"4389555004.0000000000000000","qty":"0.00002506","quoteQty":"109617.24053084","time":1712367634868,"isBuyerMaker":true},{"id":96252700,"price":"4389555004.0000000000000000","qty":"0.00040000","quoteQty":"1750905.69999552","time":1712363155661,"isBuyerMaker":true},{"id":96245780,"price":"4392600327.0000000000000000","qty":"0.00045531","quoteQty":"0.00045388","time":1712360908178,"isBuyerMaker":false},{"id":96245737,"price":"4392600327.0000000000000000","qty":"0.00113827","quoteQty":"0.00113468","time":1712360891744,"isBuyerMaker":false},{"id":96245396,"price":"4392600327.0000000000000000","qty":"0.00068208","quoteQty":"0.00067969","time":1712360742785,"isBuyerMaker":false},{"id":96245367,"price":"4392600327.0000000000000000","qty":"0.01475845","quoteQty":"0.01475845","time":1712360734472,"isBuyerMaker":false},{"id":96245346,"price":"4392600327.0000000000000000","qty":"0.01475845","quoteQty":"0.01475845","time":1712360727981,"isBuyerMaker":false},{"id":96245330,"price":"4392600327.0000000000000000","qty":"0.00227358","quoteQty":"0.00227040","time":1712360721106,"isBuyerMaker":false},{"id":96241148,"price":"4392600327.0000000000000000","qty":"0.00091044","quoteQty":"0.00090744","time":1712358851380,"isBuyerMaker":false},{"id":96238694,"price":"4392600327.0000000000000000","qty":"0.00006829","quoteQty":"0.00006805","time":1712357955242,"isBuyerMaker":false},{"id":96238440,"price":"4391000000.0000000000000000","qty":"0.00008357","quoteQty":"0.00008328","time":1712357896897,"isBuyerMaker":false},{"id":96238439,"price":"4392600327.0000000000000000","qty":"0.00021207","quoteQty":"0.00021133","time":1712357896622,"isBuyerMaker":false},{"id":96237955,"price":"4381471798.0000000000000000","qty":"0.00005736","quoteQty":"250441.59805511","time":1712357777599,"isBuyerMaker":true},{"id":96237925,"price":"4391000000.0000000000000000","qty":"0.00005743","quoteQty":"0.00005723","time":1712357764600,"isBuyerMaker":false},{"id":96236621,"price":"4392600327.0000000000000000","qty":"0.00002385","quoteQty":"0.00002377","time":1712357287624,"isBuyerMaker":false},{"id":96233749,"price":"4392600000.0000000000000000","qty":"0.00004550","quoteQty":"199303.68276000","time":1712356094374,"isBuyerMaker":true},{"id":96229381,"price":"4392600000.0000000000000000","qty":"0.00007077","quoteQty":"310864.30200000","time":1712354401467,"isBuyerMaker":true},{"id":96228337,"price":"4392600327.0000000000000000","qty":"0.00002479","quoteQty":"0.00002470","time":1712354095180,"isBuyerMaker":false},{"id":96226555,"price":"4392600327.0000000000000000","qty":"0.00017038","quoteQty":"0.00016984","time":1712353311074,"isBuyerMaker":false},{"id":96225639,"price":"4392600327.0000000000000000","qty":"0.00578130","quoteQty":"0.00576627","time":1712352904327,"isBuyerMaker":false},{"id":96225147,"price":"4392600327.0000000000000000","qty":"0.00048197","quoteQty":"0.00048028","time":1712352746842,"isBuyerMaker":false},{"id":96223578,"price":"4392600327.0000000000000000","qty":"0.00010476","quoteQty":"0.00010439","time":1712352081300,"isBuyerMaker":false},{"id":96223566,"price":"4392600000.0000000000000000","qty":"0.00010436","quoteQty":"456807.29492400","time":1712352071354,"isBuyerMaker":true},{"id":96223515,"price":"4392600327.0000000000000000","qty":"0.00005683","quoteQty":"0.00005663","time":1712352054471,"isBuyerMaker":false},{"id":96223514,"price":"4392600327.0000000000000000","qty":"0.00000049","quoteQty":"0.00000049","time":1712352054220,"isBuyerMaker":false},{"id":96222129,"price":"4368736630.0000000000000000","qty":"0.00003400","quoteQty":"148017.16576103","time":1712351533575,"isBuyerMaker":true},{"id":96219738,"price":"4392600000.0000000000000000","qty":"0.00003412","quoteQty":"0.00003401","time":1712350726428,"isBuyerMaker":false},{"id":96217530,"price":"4392600325.0000000000000000","qty":"0.00004553","quoteQty":"199995.09279725","time":1712349925131,"isBuyerMaker":true},{"id":96216628,"price":"4392600326.0000000000000000","qty":"0.00186844","quoteQty":"0.00186227","time":1712349648785,"isBuyerMaker":false},{"id":96215984,"price":"4371536388.0000000000000000","qty":"0.00016234","quoteQty":"708255.86679346","time":1712349462682,"isBuyerMaker":true},{"id":96214924,"price":"4368736630.0000000000000000","qty":"0.00228899","quoteQty":"9966994.47698998","time":1712349116443,"isBuyerMaker":true},{"id":96214825,"price":"4368736629.0000000000000000","qty":"0.00005709","quoteQty":"248538.23504009","time":1712349079826,"isBuyerMaker":true},{"id":96214819,"price":"4368736630.0000000000000000","qty":"0.00008414","quoteQty":"366298.95079803","time":1712349077859,"isBuyerMaker":true},{"id":96211772,"price":"4368736629.0000000000000000","qty":"0.00002337","quoteQty":"101740.03420716","time":1712348053765,"isBuyerMaker":true},{"id":96208856,"price":"4368736629.0000000000000000","qty":"0.00224425","quoteQty":"9781006.29040213","time":1712347039680,"isBuyerMaker":true},{"id":96208822,"price":"4368736629.0000000000000000","qty":"0.00006241","quoteQty":"271943.95559805","time":1712347014202,"isBuyerMaker":true},{"id":96208786,"price":"4368736630.0000000000000000","qty":"0.00072179","quoteQty":"3143377.48436937","time":1712347003433,"isBuyerMaker":true},{"id":96208729,"price":"4373650369.0000000000000000","qty":"0.00000049","quoteQty":"2137.94526798","time":1712346958006,"isBuyerMaker":true},{"id":96208043,"price":"4387000000.0000000000000000","qty":"0.00025000","quoteQty":"1096750.00000000","time":1712346737975,"isBuyerMaker":true},{"id":96208009,"price":"4387000001.0000000000000000","qty":"0.00113866","quoteQty":"4995301.42113866","time":1712346731815,"isBuyerMaker":true},{"id":96207251,"price":"4392187498.0000000000000000","qty":"0.00200000","quoteQty":"0.00199406","time":1712346456956,"isBuyerMaker":false},{"id":96207181,"price":"4392187498.0000000000000000","qty":"0.00103287","quoteQty":"0.00102980","time":1712346441868,"isBuyerMaker":false},{"id":96207142,"price":"4392000000.0000000000000000","qty":"0.00067091","quoteQty":"0.00066892","time":1712346432820,"isBuyerMaker":false},{"id":96206696,"price":"4392000000.0000000000000000","qty":"0.00018465","quoteQty":"810982.80000000","time":1712346317711,"isBuyerMaker":true},{"id":96205962,"price":"4392000000.0000000000000000","qty":"0.00004098","quoteQty":"0.00004084","time":1712346125613,"isBuyerMaker":false},{"id":96204626,"price":"4392187499.0000000000000000","qty":"0.00030000","quoteQty":"0.00029958","time":1712345711912,"isBuyerMaker":false},{"id":96204623,"price":"4392600328.0000000000000000","qty":"0.00000049","quoteQty":"0.00000049","time":1712345711322,"isBuyerMaker":false},{"id":96204346,"price":"4387005417.0000000000000000","qty":"0.00021234","quoteQty":"0.00021204","time":1712345593858,"isBuyerMaker":false},{"id":96202578,"price":"4387000000.0000000000000000","qty":"0.00004000","quoteQty":"0.00003986","time":1712344915040,"isBuyerMaker":false},{"id":96199518,"price":"4387005417.0000000000000000","qty":"0.00022853","quoteQty":"999053.37972920","time":1712344061746,"isBuyerMaker":true},{"id":96197693,"price":"4368736629.0000000000000000","qty":"0.00229934","quoteQty":"0.00229934","time":1712343560371,"isBuyerMaker":false},{"id":96197652,"price":"4368736629.0000000000000000","qty":"0.00005569","quoteQty":"242613.71702898","time":1712343553552,"isBuyerMaker":true},{"id":96197560,"price":"4372116401.0000000000000000","qty":"0.00237644","quoteQty":"10360980.09755246","time":1712343522228,"isBuyerMaker":true},{"id":96196894,"price":"4368736630.0000000000000000","qty":"0.00018000","quoteQty":"783895.51973079","time":1712343283390,"isBuyerMaker":true},{"id":96196642,"price":"4368736630.0000000000000000","qty":"0.00030000","quoteQty":"1306951.25023080","time":1712343196877,"isBuyerMaker":true},{"id":96194874,"price":"4368736628.0000000000000000","qty":"0.00004700","quoteQty":"204611.96434069","time":1712342576156,"isBuyerMaker":true},{"id":96194300,"price":"4368736627.0000000000000000","qty":"0.00012000","quoteQty":"522413.52585666","time":1712342390596,"isBuyerMaker":true},{"id":96192877,"price":"4389999998.0000000000000000","qty":"0.00062858","quoteQty":"0.00062732","time":1712341908667,"isBuyerMaker":false},{"id":96192637,"price":"4368950007.0000000000000000","qty":"0.00097980","quoteQty":"0.00097980","time":1712341811653,"isBuyerMaker":false},{"id":96191054,"price":"4368950007.0000000000000000","qty":"0.00007373","quoteQty":"321107.99756146","time":1712341302198,"isBuyerMaker":true},{"id":96191052,"price":"4385312500.0000000000000000","qty":"0.00000888","quoteQty":"38818.90903875","time":1712341301903,"isBuyerMaker":true},{"id":96191050,"price":"4378437500.0000000000000000","qty":"0.00000888","quoteQty":"38758.05134625","time":1712341301622,"isBuyerMaker":true},{"id":96191048,"price":"4375000000.0000000000000000","qty":"0.00000888","quoteQty":"38727.62250000","time":1712341301020,"isBuyerMaker":true},{"id":96191045,"price":"4388750000.0000000000000000","qty":"0.00000888","quoteQty":"38849.33788500","time":1712341300645,"isBuyerMaker":true},{"id":96191041,"price":"4381875000.0000000000000000","qty":"0.00000888","quoteQty":"38788.48019250","time":1712341300298,"isBuyerMaker":true},{"id":96191038,"price":"4371874513.0000000000000000","qty":"0.00002443","quoteQty":"106468.45893538","time":1712341300028,"isBuyerMaker":true},{"id":96191036,"price":"4384615383.0000000000000000","qty":"0.00001681","quoteQty":"73473.21262678","time":1712341299802,"isBuyerMaker":true},{"id":96191034,"price":"4391071385.0000000000000000","qty":"0.00000865","quoteQty":"37863.12176269","time":1712341299555,"isBuyerMaker":true},{"id":96191033,"price":"4377233420.0000000000000000","qty":"0.00003941","quoteQty":"171963.37275959","time":1712341299340,"isBuyerMaker":true},{"id":96191032,"price":"4373212996.0000000000000000","qty":"0.00001472","quoteQty":"64170.91816092","time":1712341299004,"isBuyerMaker":true},{"id":96191031,"price":"4388742563.0000000000000000","qty":"0.00007694","quoteQty":"336606.19276091","time":1712341298674,"isBuyerMaker":true},{"id":96191030,"price":"4387489932.0000000000000000","qty":"0.00002204","quoteQty":"96395.67222526","time":1712341298341,"isBuyerMaker":true},{"id":96191029,"price":"4388064726.0000000000000000","qty":"0.00002306","quoteQty":"100870.02794793","time":1712341298056,"isBuyerMaker":true},{"id":96191028,"price":"4384894543.0000000000000000","qty":"0.00002062","quoteQty":"90131.71342141","time":1712341297876,"isBuyerMaker":true},{"id":96191027,"price":"4371428569.0000000000000000","qty":"0.00000807","quoteQty":"35166.30465189","time":1712341297681,"isBuyerMaker":true},{"id":96191026,"price":"4381448881.0000000000000000","qty":"0.00002118","quoteQty":"92506.77017459","time":1712341297489,"isBuyerMaker":true},{"id":96191023,"price":"4377014612.0000000000000000","qty":"0.00000956","quoteQty":"41712.45027269","time":1712341297295,"isBuyerMaker":true},{"id":96191021,"price":"4377014612.0000000000000000","qty":"0.00001107","quoteQty":"48300.92306681","time":1712341297096,"isBuyerMaker":true},{"id":96191020,"price":"4379939867.0000000000000000","qty":"0.00001484","quoteQty":"64793.56295726","time":1712341296858,"isBuyerMaker":true},{"id":96191018,"price":"4373650370.0000000000000000","qty":"0.00000049","quoteQty":"2136.33795195","time":1712341296601,"isBuyerMaker":true},{"id":96191017,"price":"4382761300.0000000000000000","qty":"0.00001437","quoteQty":"62781.89199937","time":1712341296162,"isBuyerMaker":true},{"id":96191016,"price":"4376478488.0000000000000000","qty":"0.00002034","quoteQty":"88737.16709272","time":1712341295949,"isBuyerMaker":true},{"id":96191014,"price":"4376001811.0000000000000000","qty":"0.00002095","quoteQty":"91388.45464094","time":1712341295722,"isBuyerMaker":true},{"id":96191008,"price":"4369305066.0000000000000000","qty":"0.00008343","quoteQty":"363382.84862316","time":1712341295390,"isBuyerMaker":true},{"id":96190076,"price":"4392187500.0000000000000000","qty":"0.00006257","quoteQty":"0.00006241","time":1712340969795,"isBuyerMaker":false},{"id":96189525,"price":"4392187500.0000000000000000","qty":"0.00008503","quoteQty":"0.00008499","time":1712340824790,"isBuyerMaker":false},{"id":96188164,"price":"4392187500.0000000000000000","qty":"0.00018271","quoteQty":"0.00018207","time":1712340440837,"isBuyerMaker":false},{"id":96188023,"price":"4392187500.0000000000000000","qty":"0.00098324","quoteQty":"0.00097980","time":1712340398326,"isBuyerMaker":false},{"id":96187856,"price":"4392187500.0000000000000000","qty":"0.00011452","quoteQty":"0.00011412","time":1712340321806,"isBuyerMaker":false},{"id":96184469,"price":"4392187500.0000000000000000","qty":"0.00000888","quoteQty":"38866.11581250","time":1712339316706,"isBuyerMaker":true},{"id":96184466,"price":"4392309997.0000000000000000","qty":"0.00001420","quoteQty":"62152.50415055","time":1712339316431,"isBuyerMaker":true},{"id":96184464,"price":"4391071385.0000000000000000","qty":"0.00000633","quoteQty":"27698.19768052","time":1712339316204,"isBuyerMaker":true},{"id":96184463,"price":"4391257347.0000000000000000","qty":"0.00001525","quoteQty":"66732.29118085","time":1712339315953,"isBuyerMaker":true},{"id":96184093,"price":"4392600336.0000000000000000","qty":"0.00070000","quoteQty":"3074820.23520000","time":1712339220130,"isBuyerMaker":true},{"id":96183996,"price":"4392600336.0000000000000000","qty":"0.00002721","quoteQty":"119522.65514256","time":1712339202484,"isBuyerMaker":true},{"id":96183992,"price":"4392600336.0000000000000000","qty":"0.00000493","quoteQty":"21655.51965648","time":1712339202219,"isBuyerMaker":true},{"id":96183836,"price":"4399062500.0000000000000000","qty":"0.00000888","quoteQty":"39046.09634625","time":1712339163737,"isBuyerMaker":true},{"id":96183833,"price":"4395625000.0000000000000000","qty":"0.00000888","quoteQty":"39015.58508250","time":1712339163451,"isBuyerMaker":true},{"id":96183829,"price":"4395888493.0000000000000000","qty":"0.00002071","quoteQty":"90997.88320722","time":1712339163053,"isBuyerMaker":true},{"id":96183825,"price":"4398356891.0000000000000000","qty":"0.00001437","quoteQty":"63175.94654883","time":1712339162119,"isBuyerMaker":true},{"id":96183821,"price":"4399084599.0000000000000000","qty":"0.00100000","quoteQty":"4399084.59900000","time":1712339160655,"isBuyerMaker":true},{"id":96183703,"price":"4399084599.0000000000000000","qty":"0.00002352","quoteQty":"103466.46976848","time":1712339130724,"isBuyerMaker":true},{"id":96183660,"price":"4399084600.0000000000000000","qty":"0.00022732","quoteQty":"999999.91127200","time":1712339125329,"isBuyerMaker":true},{"id":96183658,"price":"4399084600.0000000000000000","qty":"0.00102631","quoteQty":"4514824.51582600","time":1712339125117,"isBuyerMaker":true},{"id":96183656,"price":"4399084600.0000000000000000","qty":"0.00107603","quoteQty":"4733547.00213800","time":1712339124581,"isBuyerMaker":true},{"id":96183607,"price":"4417597301.0000000000000000","qty":"0.00100000","quoteQty":"0.00099760","time":1712339107454,"isBuyerMaker":false},{"id":96183159,"price":"4425748824.0000000000000000","qty":"0.00003207","quoteQty":"0.00003196","time":1712338983937,"isBuyerMaker":false},{"id":96182515,"price":"4426191444.0000000000000000","qty":"0.00047549","quoteQty":"0.00047383","time":1712338763122,"isBuyerMaker":false},{"id":96182066,"price":"4399084600.0000000000000000","qty":"0.00022733","quoteQty":"996543.74846059","time":1712338616958,"isBuyerMaker":true},{"id":96181807,"price":"4426634107.0000000000000000","qty":"0.00067749","quoteQty":"0.00067512","time":1712338535172,"isBuyerMaker":false},{"id":96181372,"price":"4426634108.0000000000000000","qty":"0.00045181","quoteQty":"0.00045023","time":1712338372007,"isBuyerMaker":false},{"id":96180915,"price":"4426634108.0000000000000000","qty":"0.00003385","quoteQty":"0.00003374","time":1712338229444,"isBuyerMaker":false},{"id":96180677,"price":"4426634108.0000000000000000","qty":"0.00003388","quoteQty":"0.00003376","time":1712338138196,"isBuyerMaker":false},{"id":96180483,"price":"4399084600.0000000000000000","qty":"0.00041500","quoteQty":"1819595.56264030","time":1712338065624,"isBuyerMaker":true},{"id":96180145,"price":"4399084600.0000000000000000","qty":"0.00022164","quoteQty":"972283.07403392","time":1712337980132,"isBuyerMaker":true},{"id":96180128,"price":"4403286989.0000000000000000","qty":"0.00000175","quoteQty":"7684.17612450","time":1712337978988,"isBuyerMaker":true},{"id":96180126,"price":"4403286989.0000000000000000","qty":"0.00000364","quoteQty":"15983.08633897","time":1712337978614,"isBuyerMaker":true},{"id":96180124,"price":"4411550290.0000000000000000","qty":"0.00000882","quoteQty":"38800.92591184","time":1712337978209,"isBuyerMaker":true}