{"symbol":"BTC_USDT","lastTrades":[{"id":96582294,"price":"69213.9000000000000000","qty":"0.00088300","quoteQty":"0.00088300","time":1712472995611,"isBuyerMaker":false},{"id":96582289,"price":"69195.0000000000000000","qty":"0.00151500","quoteQty":"0.00151500","time":1712472995326,"isBuyerMaker":false},{"id":96581977,"price":"69194.3000000000000000","qty":"0.00237000","quoteQty":"0.00237000","time":1712472909419,"isBuyerMaker":false},{"id":96581969,"price":"69195.0000000000000000","qty":"0.00053400","quoteQty":"0.00053400","time":1712472908079,"isBuyerMaker":false},{"id":96581898,"price":"69185.1000000000000000","qty":"0.00053500","quoteQty":"0.00053500","time":1712472886696,"isBuyerMaker":false},{"id":96581809,"price":"69185.1000000000000000","qty":"0.00001400","quoteQty":"0.00001400","time":1712472864003,"isBuyerMaker":false},{"id":96581803,"price":"69179.6000000000000000","qty":"0.00160400","quoteQty":"0.00160400","time":1712472863415,"isBuyerMaker":false},{"id":96581800,"price":"69166.3000000000000000","qty":"0.00053500","quoteQty":"0.00053500","time":1712472863176,"isBuyerMaker":false},{"id":96581567,"price":"69166.3000000000000000","qty":"0.00154600","quoteQty":"0.00154600","time":1712472810746,"isBuyerMaker":false},{"id":96581157,"price":"69158.1000000000000000","qty":"0.00232800","quoteQty":"161.00005680","time":1712472701287,"isBuyerMaker":true},{"id":96581144,"price":"69158.1000000000000000","qty":"0.00057800","quoteQty":"39.83347496","time":1712472695204,"isBuyerMaker":true},{"id":96581078,"price":"69100.0000000000000000","qty":"0.00733000","quoteQty":"505.18609220","time":1712472673137,"isBuyerMaker":true},{"id":96581076,"price":"69100.0000000000000000","qty":"0.00543700","quoteQty":"374.71988858","time":1712472672423,"isBuyerMaker":true},{"id":96580757,"price":"69100.0000000000000000","qty":"0.01169200","quoteQty":"805.81661528","time":1712472589485,"isBuyerMaker":true},{"id":96580753,"price":"69101.9800000000000000","qty":"0.00079900","quoteQty":"55.06892957","time":1712472589185,"isBuyerMaker":true},{"id":96580749,"price":"69100.9500000000000000","qty":"0.00027600","quoteQty":"19.02227536","time":1712472588845,"isBuyerMaker":true},{"id":96580705,"price":"69218.6000000000000000","qty":"0.00000300","quoteQty":"0.20765580","time":1712472582685,"isBuyerMaker":true},{"id":96580519,"price":"69235.0000000000000000","qty":"0.00189000","quoteQty":"0.00189000","time":1712472528452,"isBuyerMaker":false},{"id":96580470,"price":"69218.6000000000000000","qty":"0.00015000","quoteQty":"10.35579475","time":1712472512205,"isBuyerMaker":true},{"id":96580465,"price":"69218.6000000000000000","qty":"0.00001000","quoteQty":"0.69038632","time":1712472511975,"isBuyerMaker":true},{"id":96579775,"price":"69218.6000000000000000","qty":"0.00270600","quoteQty":"186.81853722","time":1712472247547,"isBuyerMaker":true},{"id":96579771,"price":"69220.6000000000000000","qty":"0.00000400","quoteQty":"0.27616251","time":1712472246694,"isBuyerMaker":true},{"id":96579380,"price":"69220.6000000000000000","qty":"0.00157000","quoteQty":"108.39378351","time":1712472112536,"isBuyerMaker":true},{"id":96578919,"price":"69235.0000000000000000","qty":"0.00026000","quoteQty":"0.00025948","time":1712471893130,"isBuyerMaker":false},{"id":96578814,"price":"69200.0000000000000000","qty":"0.00073000","quoteQty":"0.00073000","time":1712471865664,"isBuyerMaker":false},{"id":96578809,"price":"69235.0000000000000000","qty":"0.00197000","quoteQty":"0.00197000","time":1712471865414,"isBuyerMaker":false},{"id":96578710,"price":"69235.0000000000000000","qty":"0.00059100","quoteQty":"0.00059100","time":1712471836063,"isBuyerMaker":false},{"id":96578464,"price":"69235.0000000000000000","qty":"0.00232400","quoteQty":"0.00232400","time":1712471764873,"isBuyerMaker":false},{"id":96578460,"price":"69101.9900000000000000","qty":"0.00081000","quoteQty":"55.77670776","time":1712471760224,"isBuyerMaker":true},{"id":96578342,"price":"69113.8000000000000000","qty":"0.00029000","quoteQty":"19.97285149","time":1712471720684,"isBuyerMaker":true},{"id":96578341,"price":"69130.0000000000000000","qty":"0.00003100","quoteQty":"2.13552940","time":1712471720163,"isBuyerMaker":true},{"id":96578340,"price":"69101.9800000000000000","qty":"0.00021300","quoteQty":"14.66720621","time":1712471719538,"isBuyerMaker":true},{"id":96578339,"price":"69112.2200000000000000","qty":"0.00009900","quoteQty":"6.81816240","time":1712471718815,"isBuyerMaker":true},{"id":96578329,"price":"69150.0000000000000000","qty":"0.00075500","quoteQty":"0.00075304","time":1712471712236,"isBuyerMaker":false},{"id":96578324,"price":"69202.0000000000000000","qty":"0.00025600","quoteQty":"0.00025533","time":1712471711370,"isBuyerMaker":false},{"id":96578319,"price":"69150.0000000000000000","qty":"0.00014500","quoteQty":"10.00068045","time":1712471707317,"isBuyerMaker":true},{"id":96578239,"price":"69231.3000000000000000","qty":"0.00023000","quoteQty":"15.86746780","time":1712471682464,"isBuyerMaker":true},{"id":96578187,"price":"69224.6000000000000000","qty":"0.00073600","quoteQty":"0.00073600","time":1712471671760,"isBuyerMaker":false},{"id":96578185,"price":"69202.2000000000000000","qty":"0.00057900","quoteQty":"0.00057900","time":1712471671572,"isBuyerMaker":false},{"id":96578083,"price":"69202.2000000000000000","qty":"0.00181900","quoteQty":"0.00181900","time":1712471640618,"isBuyerMaker":false},{"id":96577755,"price":"69235.0000000000000000","qty":"0.00197800","quoteQty":"0.00197800","time":1712471517953,"isBuyerMaker":false},{"id":96577573,"price":"69235.0000000000000000","qty":"0.00235300","quoteQty":"0.00235300","time":1712471467475,"isBuyerMaker":false},{"id":96577495,"price":"69235.0000000000000000","qty":"0.00118700","quoteQty":"0.00118700","time":1712471441494,"isBuyerMaker":false},{"id":96577489,"price":"69235.0000000000000000","qty":"0.00048700","quoteQty":"0.00048700","time":1712471440960,"isBuyerMaker":false},{"id":96577380,"price":"69232.9000000000000000","qty":"0.00026000","quoteQty":"0.00026000","time":1712471404665,"isBuyerMaker":false},{"id":96577370,"price":"69235.0000000000000000","qty":"0.00205000","quoteQty":"0.00205000","time":1712471403897,"isBuyerMaker":false},{"id":96577218,"price":"69232.9000000000000000","qty":"0.00000400","quoteQty":"0.27693160","time":1712471379853,"isBuyerMaker":true},{"id":96577157,"price":"69232.9000000000000000","qty":"0.00105000","quoteQty":"72.50553918","time":1712471363929,"isBuyerMaker":true},{"id":96577089,"price":"69235.0000000000000000","qty":"0.00057700","quoteQty":"0.00057700","time":1712471330205,"isBuyerMaker":false},{"id":96577025,"price":"69235.0000000000000000","qty":"0.00261300","quoteQty":"0.00261300","time":1712471307114,"isBuyerMaker":false},{"id":96576945,"price":"69235.0000000000000000","qty":"0.00017300","quoteQty":"0.00017300","time":1712471274919,"isBuyerMaker":false},{"id":96576942,"price":"69235.0000000000000000","qty":"0.00265700","quoteQty":"0.00265700","time":1712471274598,"isBuyerMaker":false},{"id":96576653,"price":"69228.5000000000000000","qty":"0.00026000","quoteQty":"0.00026000","time":1712471186981,"isBuyerMaker":false},{"id":96576500,"price":"69228.5000000000000000","qty":"0.00088100","quoteQty":"0.00088100","time":1712471137549,"isBuyerMaker":false},{"id":96576435,"price":"69228.4000000000000000","qty":"0.00021500","quoteQty":"14.88410600","time":1712471113225,"isBuyerMaker":true},{"id":96576386,"price":"69228.4000000000000000","qty":"0.00029000","quoteQty":"20.00596917","time":1712471097099,"isBuyerMaker":true},{"id":96576321,"price":"69224.5000000000000000","qty":"0.00066100","quoteQty":"45.75739450","time":1712471071155,"isBuyerMaker":true},{"id":96576316,"price":"69207.7000000000000000","qty":"0.00189600","quoteQty":"131.21779920","time":1712471070903,"isBuyerMaker":true},{"id":96575973,"price":"69224.5000000000000000","qty":"0.00195300","quoteQty":"135.19544850","time":1712470974524,"isBuyerMaker":true},{"id":96575966,"price":"69224.5000000000000000","qty":"0.00061900","quoteQty":"42.84996550","time":1712470974287,"isBuyerMaker":true},{"id":96575750,"price":"69224.6000000000000000","qty":"0.00096600","quoteQty":"66.87096360","time":1712470916779,"isBuyerMaker":true},{"id":96575746,"price":"69224.5000000000000000","qty":"0.00095500","quoteQty":"66.10939750","time":1712470916551,"isBuyerMaker":true},{"id":96575534,"price":"69224.6000000000000000","qty":"0.00067100","quoteQty":"0.00067100","time":1712470861021,"isBuyerMaker":false},{"id":96575510,"price":"69224.6000000000000000","qty":"0.00103600","quoteQty":"0.00103393","time":1712470850720,"isBuyerMaker":false},{"id":96575458,"price":"69277.6000000000000000","qty":"0.00047600","quoteQty":"32.97613760","time":1712470836032,"isBuyerMaker":true},{"id":96575453,"price":"69288.3000000000000000","qty":"0.00049000","quoteQty":"33.95126700","time":1712470835723,"isBuyerMaker":true},{"id":96575446,"price":"69303.0000000000000000","qty":"0.00015800","quoteQty":"10.94987400","time":1712470835412,"isBuyerMaker":true},{"id":96575377,"price":"69303.0000000000000000","qty":"0.00034600","quoteQty":"23.97883800","time":1712470801854,"isBuyerMaker":true},{"id":96575244,"price":"69303.0000000000000000","qty":"0.00093900","quoteQty":"65.07551700","time":1712470756120,"isBuyerMaker":true},{"id":96574992,"price":"69350.0000000000000000","qty":"0.00083400","quoteQty":"57.83790000","time":1712470678390,"isBuyerMaker":true},{"id":96574987,"price":"69350.3000000000000000","qty":"0.00141500","quoteQty":"98.13067450","time":1712470678095,"isBuyerMaker":true},{"id":96574825,"price":"69352.5000000000000000","qty":"0.00012300","quoteQty":"8.53035750","time":1712470641833,"isBuyerMaker":true},{"id":96574820,"price":"69350.3000000000000000","qty":"0.00011300","quoteQty":"7.83658390","time":1712470641534,"isBuyerMaker":true},{"id":96574809,"price":"69352.4000000000000000","qty":"0.00263800","quoteQty":"182.95163120","time":1712470641058,"isBuyerMaker":true},{"id":96573628,"price":"69352.5000000000000000","qty":"0.00049500","quoteQty":"0.00049500","time":1712470381716,"isBuyerMaker":false},{"id":96573613,"price":"69352.5000000000000000","qty":"0.00012300","quoteQty":"0.00012259","time":1712470376209,"isBuyerMaker":false},{"id":96573541,"price":"69352.5000000000000000","qty":"0.00013100","quoteQty":"0.00013059","time":1712470351830,"isBuyerMaker":false},{"id":96573324,"price":"69332.5000000000000000","qty":"0.00105200","quoteQty":"72.93779000","time":1712470282047,"isBuyerMaker":true},{"id":96573318,"price":"69329.6000000000000000","qty":"0.00034600","quoteQty":"23.98804160","time":1712470281780,"isBuyerMaker":true},{"id":96573310,"price":"69306.9000000000000000","qty":"0.00124200","quoteQty":"86.07916980","time":1712470281580,"isBuyerMaker":true},{"id":96573180,"price":"69311.2000000000000000","qty":"0.00054800","quoteQty":"0.00054800","time":1712470239506,"isBuyerMaker":false},{"id":96573178,"price":"69311.2000000000000000","qty":"0.00057700","quoteQty":"0.00057700","time":1712470238956,"isBuyerMaker":false},{"id":96573173,"price":"69319.6000000000000000","qty":"0.00144200","quoteQty":"0.00144200","time":1712470238698,"isBuyerMaker":false},{"id":96572788,"price":"69308.0000000000000000","qty":"0.00111100","quoteQty":"77.00118800","time":1712470138058,"isBuyerMaker":true},{"id":96572725,"price":"69311.1000000000000000","qty":"0.00163000","quoteQty":"112.97709300","time":1712470112625,"isBuyerMaker":true},{"id":96572722,"price":"69311.1000000000000000","qty":"0.00049000","quoteQty":"33.96243900","time":1712470112419,"isBuyerMaker":true},{"id":96572714,"price":"69308.0000000000000000","qty":"0.00043400","quoteQty":"30.07967200","time":1712470112178,"isBuyerMaker":true},{"id":96572239,"price":"69362.9000000000000000","qty":"0.00082100","quoteQty":"56.94694090","time":1712469942111,"isBuyerMaker":true},{"id":96572231,"price":"69340.7000000000000000","qty":"0.00003700","quoteQty":"2.56560590","time":1712469941639,"isBuyerMaker":true},{"id":96572217,"price":"69308.0000000000000000","qty":"0.00022400","quoteQty":"15.52499200","time":1712469941344,"isBuyerMaker":true},{"id":96572130,"price":"69362.9000000000000000","qty":"0.00089400","quoteQty":"62.01043260","time":1712469920733,"isBuyerMaker":true},{"id":96571994,"price":"69380.7000000000000000","qty":"0.00073500","quoteQty":"0.00073500","time":1712469869974,"isBuyerMaker":false},{"id":96571987,"price":"69375.4000000000000000","qty":"0.00100900","quoteQty":"0.00100900","time":1712469869736,"isBuyerMaker":false},{"id":96571914,"price":"69340.7000000000000000","qty":"0.00083600","quoteQty":"57.96882520","time":1712469839383,"isBuyerMaker":true},{"id":96571767,"price":"69340.7000000000000000","qty":"0.00167900","quoteQty":"116.42303530","time":1712469810496,"isBuyerMaker":true},{"id":96571765,"price":"69358.7000000000000000","qty":"0.00024000","quoteQty":"16.64608800","time":1712469810249,"isBuyerMaker":true},{"id":96571763,"price":"69356.1000000000000000","qty":"0.00076400","quoteQty":"52.98806040","time":1712469809936,"isBuyerMaker":true},{"id":96571497,"price":"69358.7000000000000000","qty":"0.00236300","quoteQty":"0.00236300","time":1712469740684,"isBuyerMaker":false},{"id":96571419,"price":"69358.7000000000000000","qty":"0.00016500","quoteQty":"0.00016467","time":1712469712099,"isBuyerMaker":false},{"id":96571232,"price":"69357.2000000000000000","qty":"0.00134500","quoteQty":"0.00134500","time":1712469681686,"isBuyerMaker":false},{"id":96571223,"price":"69358.7000000000000000","qty":"0.00024000","quoteQty":"0.00024000","time":1712469681488,"isBuyerMaker":false},{"id":96570965,"price":"69357.2000000000000000","qty":"0.00054300","quoteQty":"0.00054300","time":1712469611862,"isBuyerMaker":false},{"id":96570963,"price":"69324.7000000000000000","qty":"0.00040600","quoteQty":"0.00040600","time":1712469610783,"isBuyerMaker":false},{"id":96570959,"price":"69338.2000000000000000","qty":"0.00056300","quoteQty":"0.00056300","time":1712469609938,"isBuyerMaker":false},{"id":96570836,"price":"69324.7000000000000000","qty":"0.00099400","quoteQty":"0.00099400","time":1712469568949,"isBuyerMaker":false},{"id":96570459,"price":"69335.0000000000000000","qty":"0.00023000","quoteQty":"15.94705000","time":1712469474615,"isBuyerMaker":true},{"id":96570451,"price":"69324.7000000000000000","qty":"0.00109600","quoteQty":"75.97987120","time":1712469474130,"isBuyerMaker":true},{"id":96570142,"price":"69338.2000000000000000","qty":"0.00203300","quoteQty":"0.00203300","time":1712469395327,"isBuyerMaker":false},{"id":96570008,"price":"69335.0000000000000000","qty":"0.00041900","quoteQty":"0.00041900","time":1712469362785,"isBuyerMaker":false},{"id":96569999,"price":"69335.0000000000000000","qty":"0.00014400","quoteQty":"0.00014350","time":1712469359863,"isBuyerMaker":false},{"id":96569877,"price":"69324.4000000000000000","qty":"0.00163000","quoteQty":"0.00163000","time":1712469332514,"isBuyerMaker":false},{"id":96569771,"price":"69312.5000000000000000","qty":"0.00023100","quoteQty":"0.00023100","time":1712469304431,"isBuyerMaker":false},{"id":96569553,"price":"69312.5000000000000000","qty":"0.00266800","quoteQty":"0.00266800","time":1712469260106,"isBuyerMaker":false},{"id":96569295,"price":"69319.0000000000000000","qty":"0.00038000","quoteQty":"0.00038000","time":1712469172353,"isBuyerMaker":false},{"id":96569283,"price":"69319.0000000000000000","qty":"0.00011000","quoteQty":"0.00010964","time":1712469165333,"isBuyerMaker":false},{"id":96569083,"price":"69331.1000000000000000","qty":"0.00126900","quoteQty":"0.00126900","time":1712469084116,"isBuyerMaker":false},{"id":96569076,"price":"69335.0000000000000000","qty":"0.00023000","quoteQty":"0.00023000","time":1712469083590,"isBuyerMaker":false},{"id":96568793,"price":"69347.0000000000000000","qty":"0.00033100","quoteQty":"0.00033100","time":1712468973716,"isBuyerMaker":false},{"id":96568009,"price":"69378.8900000000000000","qty":"0.00144200","quoteQty":"100.04435938","time":1712468786714,"isBuyerMaker":true},{"id":96567739,"price":"69400.2000000000000000","qty":"0.00073500","quoteQty":"51.00914700","time":1712468665930,"isBuyerMaker":true},{"id":96567735,"price":"69378.9000000000000000","qty":"0.00061900","quoteQty":"42.94553910","time":1712468665748,"isBuyerMaker":true},{"id":96567199,"price":"69400.2000000000000000","qty":"0.00085500","quoteQty":"59.33717100","time":1712468497596,"isBuyerMaker":true},{"id":96567193,"price":"69393.4000000000000000","qty":"0.00128200","quoteQty":"88.96233880","time":1712468497094,"isBuyerMaker":true},{"id":96567190,"price":"69378.9000000000000000","qty":"0.00018400","quoteQty":"12.76571760","time":1712468496870,"isBuyerMaker":true},{"id":96566994,"price":"69400.2000000000000000","qty":"0.00126900","quoteQty":"88.06885380","time":1712468436852,"isBuyerMaker":true},{"id":96566969,"price":"69400.2000000000000000","qty":"0.00078000","quoteQty":"53.96434632","time":1712468421321,"isBuyerMaker":true},{"id":96566819,"price":"69396.3000000000000000","qty":"0.00089000","quoteQty":"0.00089000","time":1712468378465,"isBuyerMaker":false},{"id":96566616,"price":"69396.3000000000000000","qty":"0.00001000","quoteQty":"0.69396300","time":1712468282325,"isBuyerMaker":true},{"id":96566611,"price":"69400.3000000000000000","qty":"0.00043600","quoteQty":"30.25853080","time":1712468281971,"isBuyerMaker":true},{"id":96566302,"price":"69408.1000000000000000","qty":"0.00031100","quoteQty":"21.58591910","time":1712468174150,"isBuyerMaker":true},{"id":96566301,"price":"69418.5000000000000000","qty":"0.00039700","quoteQty":"27.55914450","time":1712468173237,"isBuyerMaker":true},{"id":96566298,"price":"69426.4000000000000000","qty":"0.00106900","quoteQty":"74.21682160","time":1712468172040,"isBuyerMaker":true},{"id":96566295,"price":"69400.3000000000000000","qty":"0.00064400","quoteQty":"44.69379320","time":1712468170825,"isBuyerMaker":true},{"id":96566205,"price":"69441.5000000000000000","qty":"0.00099200","quoteQty":"68.88596800","time":1712468140247,"isBuyerMaker":true},{"id":96566201,"price":"69426.4000000000000000","qty":"0.00000200","quoteQty":"0.13885280","time":1712468139892,"isBuyerMaker":true},{"id":96566118,"price":"69441.5000000000000000","qty":"0.00184400","quoteQty":"128.05012600","time":1712468109895,"isBuyerMaker":true},{"id":96565879,"price":"69418.5000000000000000","qty":"0.00043200","quoteQty":"0.00043200","time":1712468024849,"isBuyerMaker":false},{"id":96565876,"price":"69408.1000000000000000","qty":"0.00031100","quoteQty":"0.00031100","time":1712468024553,"isBuyerMaker":false},{"id":96565872,"price":"69408.1000000000000000","qty":"0.00013500","quoteQty":"0.00013473","time":1712468023829,"isBuyerMaker":false},{"id":96565722,"price":"69406.9000000000000000","qty":"0.00050400","quoteQty":"0.00050244","time":1712467942155,"isBuyerMaker":false},{"id":96565672,"price":"69406.9000000000000000","qty":"0.00036000","quoteQty":"0.00036000","time":1712467918097,"isBuyerMaker":false},{"id":96565615,"price":"69406.9000000000000000","qty":"0.00113800","quoteQty":"0.00113800","time":1712467898257,"isBuyerMaker":false},{"id":96565535,"price":"69400.3000000000000000","qty":"0.00113900","quoteQty":"0.00113900","time":1712467877126,"isBuyerMaker":false},{"id":96565385,"price":"69390.8000000000000000","qty":"0.00191600","quoteQty":"0.00191600","time":1712467822700,"isBuyerMaker":false},{"id":96565384,"price":"69391.3000000000000000","qty":"0.00067700","quoteQty":"0.00067700","time":1712467822351,"isBuyerMaker":false},{"id":96565382,"price":"69400.3000000000000000","qty":"0.00018700","quoteQty":"0.00018700","time":1712467821976,"isBuyerMaker":false},{"id":96565118,"price":"69407.0000000000000000","qty":"0.00089300","quoteQty":"61.98045100","time":1712467724914,"isBuyerMaker":true},{"id":96565080,"price":"69372.2000000000000000","qty":"0.00037400","quoteQty":"0.00037400","time":1712467707297,"isBuyerMaker":false},{"id":96564870,"price":"69372.2000000000000000","qty":"0.00013000","quoteQty":"9.01838600","time":1712467628212,"isBuyerMaker":true},{"id":96564629,"price":"69438.1000000000000000","qty":"0.00096400","quoteQty":"0.00096400","time":1712467459143,"isBuyerMaker":false},{"id":96564624,"price":"69441.5000000000000000","qty":"0.00004300","quoteQty":"0.00004300","time":1712467458673,"isBuyerMaker":false},{"id":96564621,"price":"69410.2000000000000000","qty":"0.00141200","quoteQty":"0.00141200","time":1712467458112,"isBuyerMaker":false},{"id":96564369,"price":"69410.2000000000000000","qty":"0.00099300","quoteQty":"0.00099300","time":1712467378349,"isBuyerMaker":false},{"id":96564364,"price":"69373.3000000000000000","qty":"0.00053300","quoteQty":"0.00053300","time":1712467378167,"isBuyerMaker":false},{"id":96564144,"price":"69371.4000000000000000","qty":"0.00037400","quoteQty":"0.00037400","time":1712467305650,"isBuyerMaker":false},{"id":96564075,"price":"69371.3000000000000000","qty":"0.00103700","quoteQty":"71.93803810","time":1712467285078,"isBuyerMaker":true},{"id":96563897,"price":"69353.6000000000000000","qty":"0.00053900","quoteQty":"0.00053900","time":1712467231723,"isBuyerMaker":false},{"id":96563807,"price":"69353.6000000000000000","qty":"0.00168100","quoteQty":"0.00168100","time":1712467189371,"isBuyerMaker":false},{"id":96563805,"price":"69313.2000000000000000","qty":"0.00066800","quoteQty":"0.00066800","time":1712467189076,"isBuyerMaker":false},{"id":96563703,"price":"69313.2000000000000000","qty":"0.00051900","quoteQty":"0.00051900","time":1712467137598,"isBuyerMaker":false},{"id":96563639,"price":"69395.0000000000000000","qty":"0.00044300","quoteQty":"30.74198500","time":1712467111755,"isBuyerMaker":true},{"id":96563542,"price":"69396.0900000000000000","qty":"0.00210300","quoteQty":"0.00210300","time":1712467081904,"isBuyerMaker":false},{"id":96563476,"price":"69395.0000000000000000","qty":"0.00054800","quoteQty":"38.02846000","time":1712467058329,"isBuyerMaker":true},{"id":96563358,"price":"69396.0000000000000000","qty":"0.00061900","quoteQty":"42.95612400","time":1712467021519,"isBuyerMaker":true},{"id":96563351,"price":"69395.0000000000000000","qty":"0.00193300","quoteQty":"134.14053500","time":1712467021285,"isBuyerMaker":true},{"id":96563269,"price":"69396.0000000000000000","qty":"0.00115300","quoteQty":"80.01358800","time":1712466994774,"isBuyerMaker":true},{"id":96562978,"price":"69393.0000000000000000","qty":"0.00085100","quoteQty":"0.00085100","time":1712466886172,"isBuyerMaker":false},{"id":96562913,"price":"69404.1000000000000000","qty":"0.00064800","quoteQty":"44.97385680","time":1712466863114,"isBuyerMaker":true},{"id":96562909,"price":"69406.2000000000000000","qty":"0.00077700","quoteQty":"53.92861740","time":1712466862963,"isBuyerMaker":true},{"id":96562790,"price":"69384.5000000000000000","qty":"0.00080700","quoteQty":"0.00080700","time":1712466811625,"isBuyerMaker":false},{"id":96562787,"price":"69384.5000000000000000","qty":"0.00109500","quoteQty":"0.00109500","time":1712466811353,"isBuyerMaker":false},{"id":96562463,"price":"69402.8000000000000000","qty":"0.00087900","quoteQty":"0.00087900","time":1712466685767,"isBuyerMaker":false},{"id":96562457,"price":"69395.1000000000000000","qty":"0.00012900","quoteQty":"0.00012900","time":1712466685246,"isBuyerMaker":false},{"id":96562445,"price":"69396.7000000000000000","qty":"0.00096500","quoteQty":"0.00096500","time":1712466684861,"isBuyerMaker":false},{"id":96562371,"price":"69395.1000000000000000","qty":"0.00249300","quoteQty":"0.00249300","time":1712466662510,"isBuyerMaker":false},{"id":96562358,"price":"69380.0000000000000000","qty":"0.00040200","quoteQty":"0.00040200","time":1712466662156,"isBuyerMaker":false},{"id":96562246,"price":"69380.0000000000000000","qty":"0.00034700","quoteQty":"0.00034700","time":1712466633338,"isBuyerMaker":false},{"id":96562242,"price":"69372.2000000000000000","qty":"0.00112400","quoteQty":"0.00112400","time":1712466633107,"isBuyerMaker":false},{"id":96562235,"price":"69368.0000000000000000","qty":"0.00057600","quoteQty":"0.00057600","time":1712466632908,"isBuyerMaker":false},{"id":96562224,"price":"69364.8000000000000000","qty":"0.00053100","quoteQty":"0.00053100","time":1712466632645,"isBuyerMaker":false},{"id":96561765,"price":"69331.2000000000000000","qty":"0.00040100","quoteQty":"0.00040100","time":1712466498821,"isBuyerMaker":false},{"id":96561763,"price":"69364.8000000000000000","qty":"0.00197700","quoteQty":"0.00197700","time":1712466498363,"isBuyerMaker":false},{"id":96561758,"price":"69350.9000000000000000","qty":"0.00047500","quoteQty":"0.00047500","time":1712466498081,"isBuyerMaker":false},{"id":96561526,"price":"69331.2000000000000000","qty":"0.00009900","quoteQty":"6.84251105","time":1712466436857,"isBuyerMaker":true},{"id":96561494,"price":"69331.2000000000000000","qty":"0.00127400","quoteQty":"0.00127400","time":1712466420018,"isBuyerMaker":false},{"id":96561487,"price":"69331.2000000000000000","qty":"0.00060300","quoteQty":"0.00060113","time":1712466411037,"isBuyerMaker":false},{"id":96561397,"price":"69303.0000000000000000","qty":"0.00089500","quoteQty":"0.00089500","time":1712466387753,"isBuyerMaker":false},{"id":96561396,"price":"69331.2000000000000000","qty":"0.00009900","quoteQty":"0.00009900","time":1712466387489,"isBuyerMaker":false},{"id":96561393,"price":"69319.7000000000000000","qty":"0.00059100","quoteQty":"0.00059100","time":1712466387320,"isBuyerMaker":false},{"id":96561170,"price":"69303.0000000000000000","qty":"0.00180300","quoteQty":"124.95330900","time":1712466309252,"isBuyerMaker":true},{"id":96560956,"price":"69306.0000000000000000","qty":"0.00092200","quoteQty":"0.00092200","time":1712466234006,"isBuyerMaker":false},{"id":96560783,"price":"69306.0000000000000000","qty":"0.00030200","quoteQty":"0.00030200","time":1712466171135,"isBuyerMaker":false},{"id":96560690,"price":"69303.0000000000000000","qty":"0.00089500","quoteQty":"62.02618500","time":1712466139281,"isBuyerMaker":true},{"id":96560684,"price":"69303.0000000000000000","qty":"0.00049000","quoteQty":"33.95847000","time":1712466138729,"isBuyerMaker":true},{"id":96560581,"price":"69303.0000000000000000","qty":"0.00177500","quoteQty":"123.01282500","time":1712466110460,"isBuyerMaker":true},{"id":96560575,"price":"69303.2000000000000000","qty":"0.00050500","quoteQty":"34.99811600","time":1712466110212,"isBuyerMaker":true},{"id":96560333,"price":"69303.2000000000000000","qty":"0.00115300","quoteQty":"0.00115300","time":1712466025084,"isBuyerMaker":false},{"id":96560287,"price":"69305.0000000000000000","qty":"0.00072200","quoteQty":"50.03821000","time":1712466000232,"isBuyerMaker":true},{"id":96560285,"price":"69305.0000000000000000","qty":"0.00050500","quoteQty":"34.99902500","time":1712465999928,"isBuyerMaker":true},{"id":96560224,"price":"69314.9000000000000000","qty":"0.00103800","quoteQty":"71.94886620","time":1712465968674,"isBuyerMaker":true},{"id":96560103,"price":"69300.2000000000000000","qty":"0.00116900","quoteQty":"0.00116900","time":1712465901861,"isBuyerMaker":false},{"id":96560099,"price":"69293.6000000000000000","qty":"0.00038900","quoteQty":"0.00038900","time":1712465901599,"isBuyerMaker":false},{"id":96560091,"price":"69300.2000000000000000","qty":"0.00026000","quoteQty":"0.00026000","time":1712465901326,"isBuyerMaker":false},{"id":96560078,"price":"69300.3000000000000000","qty":"0.00053300","quoteQty":"0.00053300","time":1712465900963,"isBuyerMaker":false},{"id":96559922,"price":"69300.2000000000000000","qty":"0.00196200","quoteQty":"135.96699240","time":1712465834710,"isBuyerMaker":true},{"id":96559836,"price":"69300.3000000000000000","qty":"0.00028700","quoteQty":"0.00028700","time":1712465799317,"isBuyerMaker":false},{"id":96559832,"price":"69300.3000000000000000","qty":"0.00259800","quoteQty":"0.00259800","time":1712465798979,"isBuyerMaker":false},{"id":96559767,"price":"69300.3000000000000000","qty":"0.00030200","quoteQty":"0.00030200","time":1712465777963,"isBuyerMaker":false},{"id":96559764,"price":"69300.3000000000000000","qty":"0.00083700","quoteQty":"0.00083700","time":1712465777708,"isBuyerMaker":false},{"id":96559605,"price":"69300.3000000000000000","qty":"0.00194700","quoteQty":"0.00194700","time":1712465718010,"isBuyerMaker":false},{"id":96559156,"price":"69292.9000000000000000","qty":"0.00187600","quoteQty":"129.99348040","time":1712465526464,"isBuyerMaker":true},{"id":96559118,"price":"69308.4000000000000000","qty":"0.00138500","quoteQty":"95.99213400","time":1712465507342,"isBuyerMaker":true},{"id":96559107,"price":"69302.6000000000000000","qty":"0.00092300","quoteQty":"63.96629980","time":1712465507036,"isBuyerMaker":true},{"id":96559095,"price":"69292.9000000000000000","qty":"0.00016600","quoteQty":"11.50262140","time":1712465506746,"isBuyerMaker":true},{"id":96559032,"price":"69306.1000000000000000","qty":"0.00105300","quoteQty":"0.00105300","time":1712465485139,"isBuyerMaker":false},{"id":96558647,"price":"69273.0000000000000000","qty":"0.00158700","quoteQty":"0.00158700","time":1712465357712,"isBuyerMaker":false},{"id":96558580,"price":"69268.0000000000000000","qty":"0.00004400","quoteQty":"0.00004400","time":1712465327410,"isBuyerMaker":false},{"id":96558576,"price":"69268.0000000000000000","qty":"0.00044700","quoteQty":"0.00044700","time":1712465327092,"isBuyerMaker":false},{"id":96558420,"price":"69255.5000000000000000","qty":"0.00076500","quoteQty":"0.00076500","time":1712465282704,"isBuyerMaker":false},{"id":96558419,"price":"69249.8000000000000000","qty":"0.00040200","quoteQty":"0.00040200","time":1712465282425,"isBuyerMaker":false},{"id":96558364,"price":"69249.8000000000000000","qty":"0.00129900","quoteQty":"0.00129900","time":1712465261653,"isBuyerMaker":false},{"id":96558280,"price":"69249.8000000000000000","qty":"0.00065200","quoteQty":"0.00065200","time":1712465232889,"isBuyerMaker":false},{"id":96558275,"price":"69249.8000000000000000","qty":"0.00004100","quoteQty":"0.00004100","time":1712465232652,"isBuyerMaker":false},{"id":96558034,"price":"69225.8000000000000000","qty":"0.00020200","quoteQty":"0.00020200","time":1712465144775,"isBuyerMaker":false},{"id":96557957,"price":"69195.8000000000000000","qty":"0.00192500","quoteQty":"0.00192500","time":1712465120788,"isBuyerMaker":false},{"id":96557899,"price":"69178.1000000000000000","qty":"0.00056300","quoteQty":"0.00056300","time":1712465091633,"isBuyerMaker":false},{"id":96557890,"price":"69195.8000000000000000","qty":"0.00054900","quoteQty":"0.00054900","time":1712465091309,"isBuyerMaker":false},{"id":96557809,"price":"69163.7000000000000000","qty":"0.00130200","quoteQty":"0.00130200","time":1712465062182,"isBuyerMaker":false},{"id":96557777,"price":"69163.7000000000000000","qty":"0.00004200","quoteQty":"0.00004187","time":1712465049285,"isBuyerMaker":false},{"id":96557580,"price":"69225.8000000000000000","qty":"0.00018500","quoteQty":"12.80677300","time":1712464983790,"isBuyerMaker":true},{"id":96557525,"price":"69182.3000000000000000","qty":"0.00068300","quoteQty":"0.00068085","time":1712464959546,"isBuyerMaker":false},{"id":96557494,"price":"69245.0000000000000000","qty":"0.00089500","quoteQty":"61.97427500","time":1712464955841,"isBuyerMaker":true},{"id":96557486,"price":"69242.9000000000000000","qty":"0.00069100","quoteQty":"47.84684390","time":1712464955290,"isBuyerMaker":true},{"id":96557230,"price":"69225.8000000000000000","qty":"0.00091200","quoteQty":"0.00091200","time":1712464885194,"isBuyerMaker":false},{"id":96557057,"price":"69225.8000000000000000","qty":"0.00119700","quoteQty":"0.00119700","time":1712464826264,"isBuyerMaker":false},{"id":96557055,"price":"69200.0000000000000000","qty":"0.00020300","quoteQty":"0.00020300","time":1712464825641,"isBuyerMaker":false},{"id":96556933,"price":"69200.0000000000000000","qty":"0.00085200","quoteQty":"0.00085200","time":1712464776543,"isBuyerMaker":false},{"id":96556887,"price":"69200.0000000000000000","qty":"0.00148800","quoteQty":"0.00148800","time":1712464755429,"isBuyerMaker":false},{"id":96556803,"price":"69113.8000000000000000","qty":"0.00088900","quoteQty":"61.44216820","time":1712464709445,"isBuyerMaker":true},{"id":96556790,"price":"69162.4000000000000000","qty":"0.00035500","quoteQty":"24.55265200","time":1712464709135,"isBuyerMaker":true},{"id":96556714,"price":"69166.1000000000000000","qty":"0.00039000","quoteQty":"26.97477900","time":1712464685314,"isBuyerMaker":true},{"id":96556713,"price":"69166.1000000000000000","qty":"0.00039900","quoteQty":"27.59727390","time":1712464684366,"isBuyerMaker":true},{"id":96556711,"price":"69162.4000000000000000","qty":"0.00055500","quoteQty":"38.38513200","time":1712464683948,"isBuyerMaker":true},{"id":96556613,"price":"69166.1000000000000000","qty":"0.00032400","quoteQty":"22.40981640","time":1712464652733,"isBuyerMaker":true},{"id":96556609,"price":"69166.1000000000000000","qty":"0.00139800","quoteQty":"96.69420780","time":1712464652551,"isBuyerMaker":true},{"id":96556594,"price":"69166.1000000000000000","qty":"0.00007000","quoteQty":"4.83194375","time":1712464641186,"isBuyerMaker":true},{"id":96556229,"price":"69173.0000000000000000","qty":"0.00112300","quoteQty":"77.68127900","time":1712464534932,"isBuyerMaker":true},{"id":96556221,"price":"69166.1000000000000000","qty":"0.00032400","quoteQty":"22.40981640","time":1712464534666,"isBuyerMaker":true},{"id":96556130,"price":"69173.0000000000000000","qty":"0.00033200","quoteQty":"22.96543600","time":1712464512206,"isBuyerMaker":true},{"id":96555933,"price":"69173.0000000000000000","qty":"0.00059700","quoteQty":"41.29628100","time":1712464452074,"isBuyerMaker":true},{"id":96555927,"price":"69200.0000000000000000","qty":"0.00002900","quoteQty":"2.00680000","time":1712464451179,"isBuyerMaker":true},{"id":96555926,"price":"69219.1300000000000000","qty":"0.00002200","quoteQty":"1.52282086","time":1712464449647,"isBuyerMaker":true},{"id":96555924,"price":"69219.1200000000000000","qty":"0.00005000","quoteQty":"3.46095600","time":1712464448934,"isBuyerMaker":true},{"id":96555920,"price":"69284.3900000000000000","qty":"0.00002200","quoteQty":"1.52425658","time":1712464447502,"isBuyerMaker":true},{"id":96555912,"price":"69284.3900000000000000","qty":"0.00003300","quoteQty":"2.28638487","time":1712464446598,"isBuyerMaker":true},{"id":96555903,"price":"69351.0000000000000000","qty":"0.00015300","quoteQty":"10.61070300","time":1712464445773,"isBuyerMaker":true},{"id":96555901,"price":"69351.0000000000000000","qty":"0.01394800","quoteQty":"967.30774800","time":1712464445373,"isBuyerMaker":true},{"id":96555820,"price":"69351.0000000000000000","qty":"0.01441900","quoteQty":"999.97206900","time":1712464426580,"isBuyerMaker":true},{"id":96555803,"price":"69351.0000000000000000","qty":"0.01441900","quoteQty":"999.97206900","time":1712464418138,"isBuyerMaker":true},{"id":96555778,"price":"69351.0000000000000000","qty":"0.00436800","quoteQty":"302.25873263","time":1712464410282,"isBuyerMaker":true},{"id":96555776,"price":"69351.0000000000000000","qty":"0.01441900","quoteQty":"999.97206900","time":1712464409882,"isBuyerMaker":true},{"id":96555752,"price":"69351.0000000000000000","qty":"0.01441900","quoteQty":"999.97206900","time":1712464401163,"isBuyerMaker":true},{"id":96555709,"price":"69351.0000000000000000","qty":"0.01441900","quoteQty":"999.97206900","time":1712464392338,"isBuyerMaker":true},{"id":96555608,"price":"69351.0000000000000000","qty":"0.01441900","quoteQty":"999.97206900","time":1712464371255,"isBuyerMaker":true},{"id":96555574,"price":"69351.0000000000000000","qty":"0.01441900","quoteQty":"999.97206900","time":1712464361023,"isBuyerMaker":true},{"id":96555573,"price":"69351.0000000000000000","qty":"0.00005700","quoteQty":"3.93917148","time":1712464360545,"isBuyerMaker":true},{"id":96555543,"price":"69351.0000000000000000","qty":"0.01441900","quoteQty":"999.97206900","time":1712464353092,"isBuyerMaker":true},{"id":96555484,"price":"69351.0000000000000000","qty":"0.01441900","quoteQty":"999.97206900","time":1712464335788,"isBuyerMaker":true},{"id":96555436,"price":"69351.0000000000000000","qty":"0.00170600","quoteQty":"118.31280600","time":1712464329857,"isBuyerMaker":true},{"id":96555379,"price":"69351.0000000000000000","qty":"0.00198000","quoteQty":"136.86184057","time":1712464308444,"isBuyerMaker":true},{"id":96555375,"price":"69351.0000000000000000","qty":"0.00118500","quoteQty":"82.18093500","time":1712464308173,"isBuyerMaker":true},{"id":96555081,"price":"69351.0000000000000000","qty":"0.00268800","quoteQty":"186.41548800","time":1712464217909,"isBuyerMaker":true},{"id":96555068,"price":"69351.0100000000000000","qty":"0.00120900","quoteQty":"83.67768035","time":1712464208277,"isBuyerMaker":true},{"id":96555066,"price":"69351.0000000000000000","qty":"0.00492100","quoteQty":"340.59371846","time":1712464207038,"isBuyerMaker":true},{"id":96554882,"price":"69351.0000000000000000","qty":"0.00093900","quoteQty":"65.12058900","time":1712464140883,"isBuyerMaker":true},{"id":96554668,"price":"69351.0000000000000000","qty":"0.00007600","quoteQty":"5.25222863","time":1712464057392,"isBuyerMaker":true},{"id":96554560,"price":"69351.0000000000000000","qty":"0.00131500","quoteQty":"91.19656500","time":1712464020040,"isBuyerMaker":true},{"id":96554497,"price":"69351.0000000000000000","qty":"0.00014000","quoteQty":"9.67709984","time":1712463994683,"isBuyerMaker":true},{"id":96554462,"price":"69351.0000000000000000","qty":"0.00017900","quoteQty":"12.37038060","time":1712463982964,"isBuyerMaker":true},{"id":96554417,"price":"69351.0000000000000000","qty":"0.00131600","quoteQty":"91.26591600","time":1712463967774,"isBuyerMaker":true},{"id":96554319,"price":"69351.0000000000000000","qty":"0.00234100","quoteQty":"162.35069100","time":1712463922754,"isBuyerMaker":true},{"id":96554267,"price":"69351.0000000000000000","qty":"0.01441900","quoteQty":"999.97206900","time":1712463901667,"isBuyerMaker":true},{"id":96554247,"price":"69351.0000000000000000","qty":"0.01441900","quoteQty":"999.97206900","time":1712463894330,"isBuyerMaker":true},{"id":96554225,"price":"69351.0000000000000000","qty":"0.01441900","quoteQty":"999.97206900","time":1712463887419,"isBuyerMaker":true},{"id":96554215,"price":"69351.0000000000000000","qty":"0.01236500","quoteQty":"855.81006477","time":1712463885248,"isBuyerMaker":true},{"id":96554154,"price":"69351.0000000000000000","qty":"0.00297800","quoteQty":"206.52727800","time":1712463867256,"isBuyerMaker":true},{"id":96554129,"price":"69351.0000000000000000","qty":"0.01441900","quoteQty":"999.97206900","time":1712463857688,"isBuyerMaker":true},{"id":96553929,"price":"69351.0000000000000000","qty":"0.00141600","quoteQty":"98.20101600","time":1712463811843,"isBuyerMaker":true},{"id":96553508,"price":"69351.0000000000000000","qty":"0.00073600","quoteQty":"51.04233600","time":1712463725965,"isBuyerMaker":true},{"id":96553233,"price":"69351.0000000000000000","qty":"0.00235100","quoteQty":"163.04420100","time":1712463660936,"isBuyerMaker":true},{"id":96553207,"price":"69351.0000000000000000","qty":"0.00046500","quoteQty":"32.13534625","time":1712463650552,"isBuyerMaker":true},{"id":96553176,"price":"69807.9900000000000000","qty":"0.00024700","quoteQty":"0.00024618","time":1712463641318,"isBuyerMaker":false},{"id":96553105,"price":"69351.0000000000000000","qty":"0.00216500","quoteQty":"150.14491500","time":1712463611217,"isBuyerMaker":true},{"id":96553044,"price":"69351.0000000000000000","qty":"0.00207800","quoteQty":"144.11137800","time":1712463585376,"isBuyerMaker":true},{"id":96552980,"price":"69351.0000000000000000","qty":"0.00262800","quoteQty":"182.25442800","time":1712463563079,"isBuyerMaker":true},{"id":96552909,"price":"69351.0000000000000000","qty":"0.00173200","quoteQty":"120.11593200","time":1712463536908,"isBuyerMaker":true},{"id":96552831,"price":"69351.0000000000000000","qty":"0.00147200","quoteQty":"102.08467200","time":1712463509856,"isBuyerMaker":true},{"id":96552771,"price":"69351.0000000000000000","qty":"0.00103900","quoteQty":"72.05568900","time":1712463482737,"isBuyerMaker":true},{"id":96552535,"price":"69351.0000000000000000","qty":"0.00066300","quoteQty":"45.97971300","time":1712463421725,"isBuyerMaker":true},{"id":96552296,"price":"69351.0000000000000000","qty":"0.00184700","quoteQty":"128.09129700","time":1712463356758,"isBuyerMaker":true},{"id":96552163,"price":"69351.0000000000000000","qty":"0.00212200","quoteQty":"147.16282200","time":1712463329317,"isBuyerMaker":true},{"id":96552030,"price":"69351.0000000000000000","qty":"0.00076500","quoteQty":"53.05351500","time":1712463295874,"isBuyerMaker":true},{"id":96551957,"price":"69351.0000000000000000","qty":"0.00011000","quoteQty":"7.60343559","time":1712463275762,"isBuyerMaker":true},{"id":96551925,"price":"69351.0000000000000000","qty":"0.00128400","quoteQty":"89.04668400","time":1712463269400,"isBuyerMaker":true},{"id":96551845,"price":"69351.0000000000000000","qty":"0.00113900","quoteQty":"78.99078900","time":1712463242045,"isBuyerMaker":true},{"id":96551672,"price":"69351.0000000000000000","qty":"0.00122600","quoteQty":"85.02432600","time":1712463195895,"isBuyerMaker":true},{"id":96551405,"price":"69351.0000000000000000","qty":"0.00093700","quoteQty":"64.98188700","time":1712463127987,"isBuyerMaker":true},{"id":96551345,"price":"69388.7000000000000000","qty":"0.00129500","quoteQty":"0.00129500","time":1712463106484,"isBuyerMaker":false},{"id":96551263,"price":"69406.1000000000000000","qty":"0.00081900","quoteQty":"56.84359590","time":1712463084923,"isBuyerMaker":true},{"id":96551175,"price":"69406.1000000000000000","qty":"0.00088100","quoteQty":"61.14677410","time":1712463056474,"isBuyerMaker":true},{"id":96551165,"price":"69442.8000000000000000","qty":"0.00015600","quoteQty":"10.83307680","time":1712463056103,"isBuyerMaker":true},{"id":96551034,"price":"69461.2000000000000000","qty":"0.00074700","quoteQty":"51.88751640","time":1712463026987,"isBuyerMaker":true},{"id":96551027,"price":"69442.8000000000000000","qty":"0.00021800","quoteQty":"15.13853040","time":1712463026736,"isBuyerMaker":true},{"id":96550819,"price":"69461.2000000000000000","qty":"0.00086500","quoteQty":"60.08393800","time":1712462966167,"isBuyerMaker":true},{"id":96550815,"price":"69465.1000000000000000","qty":"0.00152500","quoteQty":"105.93427750","time":1712462965971,"isBuyerMaker":true},{"id":96550556,"price":"69481.5000000000000000","qty":"0.00070500","quoteQty":"48.98445750","time":1712462885113,"isBuyerMaker":true},{"id":96550475,"price":"69473.5000000000000000","qty":"0.00071900","quoteQty":"0.00071900","time":1712462862017,"isBuyerMaker":false},{"id":96550417,"price":"69473.5000000000000000","qty":"0.00025900","quoteQty":"0.00025900","time":1712462843859,"isBuyerMaker":false},{"id":96550415,"price":"69468.6000000000000000","qty":"0.00105000","quoteQty":"0.00105000","time":1712462843191,"isBuyerMaker":false},{"id":96550414,"price":"69468.6000000000000000","qty":"0.00154000","quoteQty":"0.00154000","time":1712462842909,"isBuyerMaker":false},{"id":96550340,"price":"69467.1000000000000000","qty":"0.00077700","quoteQty":"53.97593670","time":1712462818196,"isBuyerMaker":true},{"id":96550252,"price":"69467.1000000000000000","qty":"0.00031600","quoteQty":"0.00031518","time":1712462780862,"isBuyerMaker":false},{"id":96550085,"price":"69442.8000000000000000","qty":"0.00197300","quoteQty":"0.00197300","time":1712462726300,"isBuyerMaker":false},{"id":96549661,"price":"69442.8000000000000000","qty":"0.00034500","quoteQty":"0.00034500","time":1712462625535,"isBuyerMaker":false},{"id":96549545,"price":"69451.1000000000000000","qty":"0.00002900","quoteQty":"2.01408190","time":1712462597902,"isBuyerMaker":true},{"id":96549333,"price":"69451.1000000000000000","qty":"0.00084900","quoteQty":"58.96398390","time":1712462538433,"isBuyerMaker":true},{"id":96549076,"price":"69424.8000000000000000","qty":"0.00070500","quoteQty":"0.00070500","time":1712462459240,"isBuyerMaker":false},{"id":96548987,"price":"69406.0000000000000000","qty":"0.00190100","quoteQty":"131.94080600","time":1712462407990,"isBuyerMaker":true},{"id":96548985,"price":"69424.7000000000000000","qty":"0.00070600","quoteQty":"49.01383820","time":1712462407327,"isBuyerMaker":true},{"id":96548929,"price":"69424.7000000000000000","qty":"0.00054700","quoteQty":"37.97531090","time":1712462384836,"isBuyerMaker":true},{"id":96548799,"price":"69424.8000000000000000","qty":"0.00080600","quoteQty":"0.00080600","time":1712462320528,"isBuyerMaker":false},{"id":96548175,"price":"69412.7000000000000000","qty":"0.00076400","quoteQty":"0.00076400","time":1712462095244,"isBuyerMaker":false},{"id":96548072,"price":"69442.0000000000000000","qty":"0.00096400","quoteQty":"66.94208800","time":1712462070209,"isBuyerMaker":true},{"id":96548026,"price":"69442.0000000000000000","qty":"0.00043200","quoteQty":"29.99894400","time":1712462048437,"isBuyerMaker":true},{"id":96547960,"price":"69435.2000000000000000","qty":"0.00050400","quoteQty":"0.00050400","time":1712462028786,"isBuyerMaker":false},{"id":96547910,"price":"69435.2000000000000000","qty":"0.00069100","quoteQty":"0.00069100","time":1712462004228,"isBuyerMaker":false},{"id":96547860,"price":"69441.0000000000000000","qty":"0.00080600","quoteQty":"55.96944600","time":1712461979516,"isBuyerMaker":true},{"id":96547695,"price":"69492.2000000000000000","qty":"0.00031300","quoteQty":"21.75105860","time":1712461935250,"isBuyerMaker":true},{"id":96547683,"price":"69481.3000000000000000","qty":"0.00168700","quoteQty":"117.21495310","time":1712461934648,"isBuyerMaker":true},{"id":96547606,"price":"69492.2000000000000000","qty":"0.00032000","quoteQty":"22.23750400","time":1712461909303,"isBuyerMaker":true},{"id":96547595,"price":"69499.7000000000000000","qty":"0.00166700","quoteQty":"115.85599990","time":1712461908837,"isBuyerMaker":true},{"id":96547435,"price":"69499.7000000000000000","qty":"0.00031800","quoteQty":"22.10090460","time":1712461855258,"isBuyerMaker":true},{"id":96547429,"price":"69500.0000000000000000","qty":"0.00011300","quoteQty":"7.85350000","time":1712461854979,"isBuyerMaker":true},{"id":96547425,"price":"69500.0000000000000000","qty":"0.00006000","quoteQty":"4.16532960","time":1712461849822,"isBuyerMaker":true},{"id":96547099,"price":"69500.0000000000000000","qty":"0.00037400","quoteQty":"25.99300000","time":1712461737138,"isBuyerMaker":true},{"id":96547049,"price":"69493.1000000000000000","qty":"0.00109300","quoteQty":"0.00109300","time":1712461720259,"isBuyerMaker":false},{"id":96546826,"price":"69412.8000000000000000","qty":"0.00142600","quoteQty":"0.00142600","time":1712461657748,"isBuyerMaker":false},{"id":96546721,"price":"69386.7000000000000000","qty":"0.00115300","quoteQty":"0.00115300","time":1712461616340,"isBuyerMaker":false},{"id":96546659,"price":"69386.7000000000000000","qty":"0.00116700","quoteQty":"0.00116700","time":1712461597839,"isBuyerMaker":false},{"id":96546446,"price":"69351.0000000000000000","qty":"0.00064800","quoteQty":"44.93944800","time":1712461545701,"isBuyerMaker":true},{"id":96546001,"price":"69361.1000000000000000","qty":"0.00188800","quoteQty":"130.95375680","time":1712461318275,"isBuyerMaker":true},{"id":96545993,"price":"69351.0000000000000000","qty":"0.00103900","quoteQty":"72.05568900","time":1712461318037,"isBuyerMaker":true},{"id":96545783,"price":"69344.3000000000000000","qty":"0.00142700","quoteQty":"0.00142415","time":1712461255324,"isBuyerMaker":false},{"id":96545782,"price":"69342.5000000000000000","qty":"0.00075100","quoteQty":"0.00074950","time":1712461255129,"isBuyerMaker":false},{"id":96545658,"price":"69510.2400000000000000","qty":"0.00002200","quoteQty":"1.52922528","time":1712461214339,"isBuyerMaker":true},{"id":96545657,"price":"69405.0000000000000000","qty":"0.00002300","quoteQty":"1.59631500","time":1712461213615,"isBuyerMaker":true},{"id":96545656,"price":"69361.3200000000000000","qty":"0.00010100","quoteQty":"7.00549332","time":1712461213137,"isBuyerMaker":true},{"id":96545655,"price":"69403.4000000000000000","qty":"0.00002300","quoteQty":"1.59627820","time":1712461212815,"isBuyerMaker":true},{"id":96545654,"price":"69405.8300000000000000","qty":"0.00005100","quoteQty":"3.53969733","time":1712461212188,"isBuyerMaker":true},{"id":96545653,"price":"69351.4800000000000000","qty":"0.00002300","quoteQty":"1.59508404","time":1712461211261,"isBuyerMaker":true},{"id":96545650,"price":"69379.2900000000000000","qty":"0.00004400","quoteQty":"3.05268876","time":1712461209986,"isBuyerMaker":true},{"id":96545504,"price":"69961.7900000000000000","qty":"0.00002600","quoteQty":"0.00002595","time":1712461159361,"isBuyerMaker":false},{"id":96545503,"price":"69579.3000000000000000","qty":"0.00009900","quoteQty":"0.00009880","time":1712461159172,"isBuyerMaker":false},{"id":96545502,"price":"69510.2200000000000000","qty":"0.00002200","quoteQty":"0.00002196","time":1712461159006,"isBuyerMaker":false},{"id":96545501,"price":"69799.9800000000000000","qty":"0.00043000","quoteQty":"0.00042914","time":1712461158798,"isBuyerMaker":false},{"id":96545499,"price":"69981.5700000000000000","qty":"0.09223600","quoteQty":"0.09205153","time":1712461158502,"isBuyerMaker":false},{"id":96545497,"price":"69961.1200000000000000","qty":"0.11897900","quoteQty":"0.11874104","time":1712461158182,"isBuyerMaker":false},{"id":96545495,"price":"69900.0000000000000000","qty":"0.00640600","quoteQty":"0.00639319","time":1712461157880,"isBuyerMaker":false},{"id":96545494,"price":"69730.0000000000000000","qty":"0.00202000","quoteQty":"0.00201596","time":1712461157662,"isBuyerMaker":false},{"id":96545493,"price":"69746.6100000000000000","qty":"0.00003300","quoteQty":"0.00003293","time":1712461157468,"isBuyerMaker":false},{"id":96545492,"price":"69746.6100000000000000","qty":"0.00002200","quoteQty":"0.00002196","time":1712461157254,"isBuyerMaker":false},{"id":96545488,"price":"69955.6900000000000000","qty":"0.00027600","quoteQty":"0.00027545","time":1712461156940,"isBuyerMaker":false},{"id":96545487,"price":"69675.5800000000000000","qty":"0.00004500","quoteQty":"0.00004491","time":1712461156679,"isBuyerMaker":false},{"id":96545486,"price":"69839.0700000000000000","qty":"0.00004400","quoteQty":"0.00004391","time":1712461156460,"isBuyerMaker":false},{"id":96545485,"price":"69800.0000000000000000","qty":"0.00002900","quoteQty":"0.00002894","time":1712461156236,"isBuyerMaker":false},{"id":96545484,"price":"69981.5600000000000000","qty":"0.00012400","quoteQty":"0.00012357","time":1712461156013,"isBuyerMaker":false},{"id":96545483,"price":"69970.8900000000000000","qty":"0.00002200","quoteQty":"0.00002196","time":1712461155940,"isBuyerMaker":false},{"id":96545482,"price":"69961.7900000000000000","qty":"0.00015500","quoteQty":"0.00015469","time":1712461155562,"isBuyerMaker":false},{"id":96545481,"price":"69961.7900000000000000","qty":"0.00002600","quoteQty":"0.00002595","time":1712461155362,"isBuyerMaker":false},{"id":96545480,"price":"69808.0500000000000000","qty":"0.00002300","quoteQty":"0.00002295","time":1712461155128,"isBuyerMaker":false},{"id":96545479,"price":"69325.6000000000000000","qty":"0.00193200","quoteQty":"133.56203543","time":1712461155010,"isBuyerMaker":true},{"id":96545478,"price":"69880.9500000000000000","qty":"0.00029700","quoteQty":"0.00029641","time":1712461154829,"isBuyerMaker":false},{"id":96545477,"price":"69047.6500000000000000","qty":"0.00687300","quoteQty":"473.23571785","time":1712461154538,"isBuyerMaker":true},{"id":96545476,"price":"69865.7900000000000000","qty":"0.00005100","quoteQty":"0.00005090","time":1712461154432,"isBuyerMaker":false},{"id":96545475,"price":"69863.3400000000000000","qty":"0.00002300","quoteQty":"0.00002295","time":1712461153701,"isBuyerMaker":false},{"id":96545474,"price":"69860.0000000000000000","qty":"0.00246700","quoteQty":"0.00246207","time":1712461153314,"isBuyerMaker":false},{"id":96545473,"price":"69897.9900000000000000","qty":"0.00100400","quoteQty":"0.00100199","time":1712461153096,"isBuyerMaker":false},{"id":96545472,"price":"69827.1600000000000000","qty":"0.00010100","quoteQty":"0.00010080","time":1712461152886,"isBuyerMaker":false},{"id":96545471,"price":"69961.7900000000000000","qty":"0.00002100","quoteQty":"0.00002096","time":1712461152623,"isBuyerMaker":false},{"id":96545470,"price":"69670.0300000000000000","qty":"0.00165900","quoteQty":"0.00165568","time":1712461152273,"isBuyerMaker":false},{"id":96545467,"price":"69961.7900000000000000","qty":"0.00001900","quoteQty":"0.00001896","time":1712461151827,"isBuyerMaker":false},{"id":96545463,"price":"69961.7900000000000000","qty":"0.00001900","quoteQty":"0.00001896","time":1712461151091,"isBuyerMaker":false},{"id":96545462,"price":"69961.7900000000000000","qty":"0.00022000","quoteQty":"0.00021956","time":1712461150322,"isBuyerMaker":false},{"id":96545461,"price":"69961.7900000000000000","qty":"0.00003900","quoteQty":"0.00003892","time":1712461149635,"isBuyerMaker":false},{"id":96545460,"price":"69961.7900000000000000","qty":"0.00002100","quoteQty":"0.00002096","time":1712461148593,"isBuyerMaker":false},{"id":96545424,"price":"69696.5600000000000000","qty":"0.00005600","quoteQty":"0.00005589","time":1712461145578,"isBuyerMaker":false},{"id":96545422,"price":"69047.6600000000000000","qty":"0.00085300","quoteQty":"58.69151219","time":1712461145438,"isBuyerMaker":true},{"id":96545421,"price":"69663.0400000000000000","qty":"0.00001900","quoteQty":"0.00001896","time":1712461145133,"isBuyerMaker":false},{"id":96545419,"price":"69897.5300000000000000","qty":"0.00002400","quoteQty":"0.00002395","time":1712461144513,"isBuyerMaker":false},{"id":96545417,"price":"69646.2100000000000000","qty":"0.00002300","quoteQty":"0.00002295","time":1712461144226,"isBuyerMaker":false},{"id":96545415,"price":"69825.5300000000000000","qty":"0.00002900","quoteQty":"0.00002894","time":1712461143873,"isBuyerMaker":false},{"id":96545407,"price":"69683.8600000000000000","qty":"0.00005000","quoteQty":"0.00004990","time":1712461143195,"isBuyerMaker":false},{"id":96545400,"price":"69788.9200000000000000","qty":"0.00000300","quoteQty":"0.00000299","time":1712461142683,"isBuyerMaker":false},{"id":96545396,"price":"69683.8700000000000000","qty":"0.00002200","quoteQty":"0.00002196","time":1712461142404,"isBuyerMaker":false},{"id":96545391,"price":"69860.0000000000000000","qty":"0.00002300","quoteQty":"0.00002295","time":1712461142159,"isBuyerMaker":false},{"id":96545389,"price":"69961.7400000000000000","qty":"0.00002100","quoteQty":"0.00002096","time":1712461141941,"isBuyerMaker":false},{"id":96545386,"price":"69961.7700000000000000","qty":"0.00010200","quoteQty":"0.00010180","time":1712461141764,"isBuyerMaker":false},{"id":96545383,"price":"69961.7800000000000000","qty":"0.00002500","quoteQty":"0.00002495","time":1712461141572,"isBuyerMaker":false},{"id":96545372,"price":"69961.7700000000000000","qty":"0.00004100","quoteQty":"0.00004092","time":1712461140515,"isBuyerMaker":false},{"id":96545367,"price":"69961.7700000000000000","qty":"0.00002000","quoteQty":"0.00001996","time":1712461140075,"isBuyerMaker":false},{"id":96545364,"price":"69961.7700000000000000","qty":"0.00003100","quoteQty":"0.00003094","time":1712461139673,"isBuyerMaker":false},{"id":96545361,"price":"69961.7800000000000000","qty":"0.00002700","quoteQty":"0.00002695","time":1712461139287,"isBuyerMaker":false},{"id":96545357,"price":"69961.7900000000000000","qty":"0.00005300","quoteQty":"0.00005289","time":1712461138897,"isBuyerMaker":false},{"id":96545346,"price":"69961.7900000000000000","qty":"0.00002700","quoteQty":"0.00002695","time":1712461135998,"isBuyerMaker":false},{"id":96545345,"price":"69961.7900000000000000","qty":"0.00001900","quoteQty":"0.00001896","time":1712461135562,"isBuyerMaker":false},{"id":96545302,"price":"69364.6000000000000000","qty":"0.00106600","quoteQty":"0.00106600","time":1712461125535,"isBuyerMaker":false},{"id":96545296,"price":"69353.1000000000000000","qty":"0.00098300","quoteQty":"0.00098300","time":1712461125219,"isBuyerMaker":false},{"id":96545294,"price":"69383.5000000000000000","qty":"0.00026900","quoteQty":"0.00026900","time":1712461124961,"isBuyerMaker":false},{"id":96545235,"price":"69353.1000000000000000","qty":"0.00129700","quoteQty":"0.00129700","time":1712461102159,"isBuyerMaker":false},{"id":96545049,"price":"69353.1000000000000000","qty":"0.00031500","quoteQty":"0.00031500","time":1712461049551,"isBuyerMaker":false},{"id":96545039,"price":"69324.5000000000000000","qty":"0.00209200","quoteQty":"0.00209200","time":1712461049311,"isBuyerMaker":false},{"id":96544796,"price":"69324.5000000000000000","qty":"0.00046100","quoteQty":"0.00046100","time":1712460998224,"isBuyerMaker":false},{"id":96544756,"price":"69047.6600000000000000","qty":"0.00003000","quoteQty":"2.06417980","time":1712460984182,"isBuyerMaker":true},{"id":96544591,"price":"69383.5000000000000000","qty":"0.00071500","quoteQty":"49.60920250","time":1712460951057,"isBuyerMaker":true},{"id":96544451,"price":"69383.5000000000000000","qty":"0.00142700","quoteQty":"99.01025450","time":1712460923282,"isBuyerMaker":true},{"id":96544427,"price":"69383.5000000000000000","qty":"0.00006000","quoteQty":"4.14843946","time":1712460914336,"isBuyerMaker":true},{"id":96544384,"price":"69383.5000000000000000","qty":"0.00017600","quoteQty":"12.21149600","time":1712460899711,"isBuyerMaker":true},{"id":96544382,"price":"69396.9000000000000000","qty":"0.00190000","quoteQty":"131.85411000","time":1712460899363,"isBuyerMaker":true},{"id":96544292,"price":"69396.9000000000000000","qty":"0.00037400","quoteQty":"25.95444060","time":1712460874685,"isBuyerMaker":true},{"id":96544234,"price":"69416.9000000000000000","qty":"0.00278000","quoteQty":"192.97898200","time":1712460853656,"isBuyerMaker":true},{"id":96544232,"price":"69396.9000000000000000","qty":"0.00003100","quoteQty":"2.15130390","time":1712460852905,"isBuyerMaker":true},{"id":96544230,"price":"69411.4000000000000000","qty":"0.00001300","quoteQty":"0.90234820","time":1712460851888,"isBuyerMaker":true},{"id":96544183,"price":"69461.1000000000000000","qty":"0.00169700","quoteQty":"0.00169700","time":1712460831009,"isBuyerMaker":false},{"id":96544148,"price":"69461.1000000000000000","qty":"0.00003000","quoteQty":"0.00002990","time":1712460814527,"isBuyerMaker":false},{"id":96544031,"price":"69411.4000000000000000","qty":"0.00175800","quoteQty":"122.02524120","time":1712460760856,"isBuyerMaker":true},{"id":96543970,"price":"69423.3000000000000000","qty":"0.00095000","quoteQty":"0.00095000","time":1712460741121,"isBuyerMaker":false},{"id":96543763,"price":"69393.1000000000000000","qty":"0.00075000","quoteQty":"0.00075000","time":1712460685212,"isBuyerMaker":false},{"id":96543504,"price":"69377.9000000000000000","qty":"0.00202500","quoteQty":"140.49024750","time":1712460621603,"isBuyerMaker":true},{"id":96543471,"price":"69377.9000000000000000","qty":"0.00005000","quoteQty":"3.45675387","time":1712460606365,"isBuyerMaker":true},{"id":96543049,"price":"69393.1000000000000000","qty":"0.00120900","quoteQty":"0.00120900","time":1712460484962,"isBuyerMaker":false},{"id":96543046,"price":"69386.0000000000000000","qty":"0.00040400","quoteQty":"0.00040400","time":1712460484531,"isBuyerMaker":false},{"id":96542983,"price":"69386.0000000000000000","qty":"0.00132500","quoteQty":"0.00132500","time":1712460455832,"isBuyerMaker":false},{"id":96542773,"price":"69363.5000000000000000","qty":"0.00043700","quoteQty":"0.00043700","time":1712460349592,"isBuyerMaker":false},{"id":96542760,"price":"69385.2000000000000000","qty":"0.00231500","quoteQty":"0.00231500","time":1712460349303,"isBuyerMaker":false},{"id":96542515,"price":"69363.5000000000000000","qty":"0.00000100","quoteQty":"0.06936350","time":1712460277817,"isBuyerMaker":true},{"id":96542510,"price":"69363.5000000000000000","qty":"0.00006700","quoteQty":"4.64214946","time":1712460268677,"isBuyerMaker":true},{"id":96542493,"price":"69363.5000000000000000","qty":"0.00043800","quoteQty":"30.34718604","time":1712460264344,"isBuyerMaker":true},{"id":96542485,"price":"69363.5000000000000000","qty":"0.00043700","quoteQty":"30.27790023","time":1712460259099,"isBuyerMaker":true},{"id":96542446,"price":"69363.5000000000000000","qty":"0.00043600","quoteQty":"30.20861442","time":1712460253781,"isBuyerMaker":true},{"id":96542425,"price":"69378.5000000000000000","qty":"0.00027000","quoteQty":"18.73219500","time":1712460243828,"isBuyerMaker":true},{"id":96542337,"price":"69378.5000000000000000","qty":"0.00009000","quoteQty":"6.22907924","time":1712460223057,"isBuyerMaker":true},{"id":96542140,"price":"69425.6000000000000000","qty":"0.00042800","quoteQty":"29.71415680","time":1712460156772,"isBuyerMaker":true},{"id":96542046,"price":"69379.8000000000000000","qty":"0.00166000","quoteQty":"0.00166000","time":1712460129738,"isBuyerMaker":false},{"id":96541884,"price":"69379.8000000000000000","qty":"0.00125100","quoteQty":"0.00125100","time":1712460080986,"isBuyerMaker":false},{"id":96541879,"price":"69379.8000000000000000","qty":"0.00086600","quoteQty":"0.00086600","time":1712460080606,"isBuyerMaker":false},{"id":96541811,"price":"69379.8000000000000000","qty":"0.00021500","quoteQty":"0.00021500","time":1712460051694,"isBuyerMaker":false},{"id":96541806,"price":"69376.2000000000000000","qty":"0.00275300","quoteQty":"0.00275300","time":1712460051489,"isBuyerMaker":false},{"id":96541560,"price":"69363.5000000000000000","qty":"0.00043700","quoteQty":"30.31184950","time":1712459958762,"isBuyerMaker":true},{"id":96541542,"price":"69368.8000000000000000","qty":"0.00149900","quoteQty":"103.98383120","time":1712459958493,"isBuyerMaker":true},{"id":96541533,"price":"69363.5000000000000000","qty":"0.00045900","quoteQty":"31.83784650","time":1712459958201,"isBuyerMaker":true},{"id":96541429,"price":"69363.6000000000000000","qty":"0.00093700","quoteQty":"0.00093700","time":1712459920587,"isBuyerMaker":false},{"id":96541247,"price":"69351.6000000000000000","qty":"0.00124000","quoteQty":"0.00124000","time":1712459866866,"isBuyerMaker":false},{"id":96541245,"price":"69360.4000000000000000","qty":"0.00101100","quoteQty":"0.00101100","time":1712459866660,"isBuyerMaker":false},{"id":96541105,"price":"69352.6000000000000000","qty":"0.00034600","quoteQty":"0.00034600","time":1712459817064,"isBuyerMaker":false},{"id":96541101,"price":"69360.4000000000000000","qty":"0.00058900","quoteQty":"0.00058900","time":1712459816794,"isBuyerMaker":false},{"id":96541090,"price":"69340.3000000000000000","qty":"0.00193300","quoteQty":"0.00193300","time":1712459816365,"isBuyerMaker":false},{"id":96541021,"price":"69340.3000000000000000","qty":"0.00054700","quoteQty":"0.00054700","time":1712459794956,"isBuyerMaker":false},{"id":96540681,"price":"69308.1000000000000000","qty":"0.00220800","quoteQty":"153.03228480","time":1712459685812,"isBuyerMaker":true},{"id":96540605,"price":"69308.2000000000000000","qty":"0.00146900","quoteQty":"0.00146900","time":1712459661247,"isBuyerMaker":false},{"id":96540556,"price":"69308.2000000000000000","qty":"0.00019000","quoteQty":"0.00018934","time":1712459634012,"isBuyerMaker":false},{"id":96540423,"price":"69299.9000000000000000","qty":"0.00015800","quoteQty":"10.94938420","time":1712459575115,"isBuyerMaker":true},{"id":96540416,"price":"69299.8000000000000000","qty":"0.00141400","quoteQty":"97.98991720","time":1712459574865,"isBuyerMaker":true},{"id":96540410,"price":"69284.3000000000000000","qty":"0.00042000","quoteQty":"29.09940600","time":1712459574551,"isBuyerMaker":true},{"id":96540352,"price":"69299.9000000000000000","qty":"0.00167400","quoteQty":"116.00803260","time":1712459551298,"isBuyerMaker":true},{"id":96540351,"price":"69323.9000000000000000","qty":"0.00015900","quoteQty":"11.02250010","time":1712459550664,"isBuyerMaker":true},{"id":96539977,"price":"69323.9000000000000000","qty":"0.00131400","quoteQty":"0.00130986","time":1712459426616,"isBuyerMaker":false},{"id":96539750,"price":"69246.8000000000000000","qty":"0.00144500","quoteQty":"100.06162600","time":1712459346965,"isBuyerMaker":true},{"id":96539743,"price":"69251.6000000000000000","qty":"0.00121200","quoteQty":"83.93293920","time":1712459345975,"isBuyerMaker":true},{"id":96539395,"price":"69349.4000000000000000","qty":"0.00044700","quoteQty":"30.99918180","time":1712459255626,"isBuyerMaker":true},{"id":96539389,"price":"69350.2000000000000000","qty":"0.00077700","quoteQty":"53.88510540","time":1712459255217,"isBuyerMaker":true},{"id":96539272,"price":"69311.0000000000000000","qty":"0.00086600","quoteQty":"0.00086600","time":1712459201117,"isBuyerMaker":false},{"id":96539115,"price":"69311.0000000000000000","qty":"0.00051900","quoteQty":"0.00051900","time":1712459150592,"isBuyerMaker":false},{"id":96538964,"price":"69324.2000000000000000","qty":"0.00248100","quoteQty":"0.00248100","time":1712459083914,"isBuyerMaker":false},{"id":96538905,"price":"69324.2000000000000000","qty":"0.00010100","quoteQty":"0.00010080","time":1712459067347,"isBuyerMaker":false},{"id":96538890,"price":"69314.9000000000000000","qty":"0.00005900","quoteQty":"0.00005888","time":1712459067094,"isBuyerMaker":false},{"id":96538704,"price":"69311.0000000000000000","qty":"0.00131300","quoteQty":"0.00131300","time":1712459003918,"isBuyerMaker":false},{"id":96538645,"price":"69311.0000000000000000","qty":"0.00163000","quoteQty":"0.00162707","time":1712458983305,"isBuyerMaker":false},{"id":96538644,"price":"69303.5000000000000000","qty":"0.00053500","quoteQty":"0.00053404","time":1712458983115,"isBuyerMaker":false},{"id":96538252,"price":"69303.5000000000000000","qty":"0.00149900","quoteQty":"0.00149900","time":1712458869408,"isBuyerMaker":false},{"id":96538018,"price":"69314.9000000000000000","qty":"0.00237900","quoteQty":"0.00237900","time":1712458763701,"isBuyerMaker":false},{"id":96538009,"price":"69305.4000000000000000","qty":"0.00013000","quoteQty":"0.00013000","time":1712458763128,"isBuyerMaker":false},{"id":96537796,"price":"69313.3000000000000000","qty":"0.00243800","quoteQty":"168.98582540","time":1712458694706,"isBuyerMaker":true},{"id":96537547,"price":"69327.9000000000000000","qty":"0.00095100","quoteQty":"0.00095100","time":1712458609313,"isBuyerMaker":false},{"id":96537104,"price":"69047.6600000000000000","qty":"0.00012400","quoteQty":"8.53194316","time":1712458450204,"isBuyerMaker":true},{"id":96537066,"price":"69374.4000000000000000","qty":"0.00122500","quoteQty":"84.98364000","time":1712458426401,"isBuyerMaker":true},{"id":96537050,"price":"69385.0000000000000000","qty":"0.00027200","quoteQty":"18.87272000","time":1712458426121,"isBuyerMaker":true},{"id":96537028,"price":"69450.3900000000000000","qty":"0.00222900","quoteQty":"0.00222238","time":1712458411144,"isBuyerMaker":false},{"id":96537000,"price":"69385.0000000000000000","qty":"0.00230700","quoteQty":"160.07119500","time":1712458401467,"isBuyerMaker":true},{"id":96536923,"price":"69448.7900000000000000","qty":"0.00246100","quoteQty":"0.00246100","time":1712458361596,"isBuyerMaker":false},{"id":96536330,"price":"69448.8000000000000000","qty":"0.00132900","quoteQty":"92.29745520","time":1712458153139,"isBuyerMaker":true},{"id":96536328,"price":"69448.8000000000000000","qty":"0.00124900","quoteQty":"86.74155120","time":1712458151805,"isBuyerMaker":true},{"id":96536319,"price":"69448.8000000000000000","qty":"0.00004600","quoteQty":"3.18659430","time":1712458143129,"isBuyerMaker":true},{"id":96536225,"price":"69448.8000000000000000","qty":"0.00157500","quoteQty":"0.00157500","time":1712458116005,"isBuyerMaker":false},{"id":96536162,"price":"69448.8000000000000000","qty":"0.00002400","quoteQty":"0.00002394","time":1712458095927,"isBuyerMaker":false},{"id":96536016,"price":"69480.6000000000000000","qty":"0.00129500","quoteQty":"89.97737700","time":1712458055739,"isBuyerMaker":true},{"id":96535828,"price":"69467.6000000000000000","qty":"0.00100700","quoteQty":"0.00100700","time":1712457994887,"isBuyerMaker":false},{"id":96535767,"price":"69461.2000000000000000","qty":"0.00060400","quoteQty":"0.00060400","time":1712457963169,"isBuyerMaker":false},{"id":96535757,"price":"69455.0000000000000000","qty":"0.00017300","quoteQty":"0.00017300","time":1712457962928,"isBuyerMaker":false},{"id":96535570,"price":"69455.0000000000000000","qty":"0.00053200","quoteQty":"0.00053200","time":1712457893875,"isBuyerMaker":false},{"id":96535564,"price":"69047.6600000000000000","qty":"0.00014600","quoteQty":"10.04567501","time":1712457889924,"isBuyerMaker":true},{"id":96535515,"price":"69394.0000000000000000","qty":"0.00263700","quoteQty":"182.47960046","time":1712457880261,"isBuyerMaker":true},{"id":96535514,"price":"69420.4000000000000000","qty":"0.00105200","quoteQty":"72.82577607","time":1712457880011,"isBuyerMaker":true},{"id":96535513,"price":"69112.2200000000000000","qty":"0.00009900","quoteQty":"6.82295187","time":1712457879781,"isBuyerMaker":true},{"id":96535512,"price":"69049.5800000000000000","qty":"0.00002200","quoteQty":"1.51483731","time":1712457879516,"isBuyerMaker":true},{"id":96535511,"price":"69047.6500000000000000","qty":"0.03321000","quoteQty":"2286.65185362","time":1712457879258,"isBuyerMaker":true},{"id":96535456,"price":"69455.0000000000000000","qty":"0.00050400","quoteQty":"0.00050400","time":1712457861174,"isBuyerMaker":false},{"id":96535451,"price":"69445.4000000000000000","qty":"0.00077700","quoteQty":"0.00077700","time":1712457860588,"isBuyerMaker":false},{"id":96534988,"price":"69463.9000000000000000","qty":"0.00044600","quoteQty":"30.98089940","time":1712457716603,"isBuyerMaker":true},{"id":96534987,"price":"69420.4000000000000000","qty":"0.00002800","quoteQty":"1.94377120","time":1712457716285,"isBuyerMaker":true},{"id":96534985,"price":"69483.9000000000000000","qty":"0.00118300","quoteQty":"82.19945370","time":1712457715767,"isBuyerMaker":true},{"id":96534980,"price":"69481.1000000000000000","qty":"0.00060400","quoteQty":"41.96658440","time":1712457714533,"isBuyerMaker":true},{"id":96534873,"price":"69518.3900000000000000","qty":"0.00014700","quoteQty":"10.21920333","time":1712457684904,"isBuyerMaker":true},{"id":96534865,"price":"69483.9000000000000000","qty":"0.00024100","quoteQty":"16.74561990","time":1712457684654,"isBuyerMaker":true},{"id":96534736,"price":"69520.0000000000000000","qty":"0.00226100","quoteQty":"157.18472000","time":1712457629207,"isBuyerMaker":true},{"id":96534505,"price":"69520.0000000000000000","qty":"0.00132400","quoteQty":"0.00132400","time":1712457537849,"isBuyerMaker":false},{"id":96534499,"price":"69612.8000000000000000","qty":"0.00065800","quoteQty":"0.00065800","time":1712457537357,"isBuyerMaker":false},{"id":96534449,"price":"69518.4000000000000000","qty":"0.00213000","quoteQty":"148.07419200","time":1712457510018,"isBuyerMaker":true},{"id":96534120,"price":"69518.4000000000000000","qty":"0.00041700","quoteQty":"28.98917280","time":1712457401371,"isBuyerMaker":true},{"id":96533939,"price":"69533.1000000000000000","qty":"0.00035900","quoteQty":"24.96238290","time":1712457360199,"isBuyerMaker":true},{"id":96533936,"price":"69531.5000000000000000","qty":"0.00034500","quoteQty":"23.98836750","time":1712457359967,"isBuyerMaker":true},{"id":96533932,"price":"69531.1000000000000000","qty":"0.00053200","quoteQty":"36.99054520","time":1712457359654,"isBuyerMaker":true},{"id":96533428,"price":"69612.7900000000000000","qty":"0.00328500","quoteQty":"0.00327909","time":1712457265329,"isBuyerMaker":false},{"id":96533372,"price":"69612.7900000000000000","qty":"0.00517500","quoteQty":"0.00516568","time":1712457241037,"isBuyerMaker":false},{"id":96533011,"price":"69612.8000000000000000","qty":"0.00092700","quoteQty":"0.00092700","time":1712457153497,"isBuyerMaker":false},{"id":96533004,"price":"69605.6000000000000000","qty":"0.00071800","quoteQty":"0.00071800","time":1712457152945,"isBuyerMaker":false},{"id":96532991,"price":"69579.3000000000000000","qty":"0.00009900","quoteQty":"0.00009900","time":1712457152526,"isBuyerMaker":false},{"id":96532988,"price":"69510.2300000000000000","qty":"0.00002200","quoteQty":"0.00002200","time":1712457151935,"isBuyerMaker":false},{"id":96532488,"price":"69047.6500000000000000","qty":"0.01256700","quoteQty":"866.15991828","time":1712457000505,"isBuyerMaker":true},{"id":96532487,"price":"69112.2200000000000000","qty":"0.00009900","quoteQty":"6.82979398","time":1712457000230,"isBuyerMaker":true},{"id":96532485,"price":"69049.5900000000000000","qty":"0.00002200","quoteQty":"1.51635662","time":1712456999949,"isBuyerMaker":true},{"id":96532395,"price":"69640.9000000000000000","qty":"0.00021600","quoteQty":"0.00021600","time":1712456974954,"isBuyerMaker":false},{"id":96532392,"price":"69625.6000000000000000","qty":"0.00040200","quoteQty":"0.00040200","time":1712456974718,"isBuyerMaker":false},{"id":96532387,"price":"69606.1000000000000000","qty":"0.00186900","quoteQty":"0.00186900","time":1712456974489,"isBuyerMaker":false},{"id":96532381,"price":"69627.9500000000000000","qty":"0.00002500","quoteQty":"0.00002500","time":1712456974228,"isBuyerMaker":false},{"id":96532291,"price":"69606.1000000000000000","qty":"0.00031400","quoteQty":"0.00031400","time":1712456944458,"isBuyerMaker":false},{"id":96532284,"price":"69587.1000000000000000","qty":"0.00234200","quoteQty":"0.00234200","time":1712456944198,"isBuyerMaker":false},{"id":96532199,"price":"69546.5000000000000000","qty":"0.00074800","quoteQty":"0.00074665","time":1712456914838,"isBuyerMaker":false},{"id":96532119,"price":"69541.8000000000000000","qty":"0.00037300","quoteQty":"0.00037300","time":1712456895616,"isBuyerMaker":false},{"id":96532116,"price":"69546.5000000000000000","qty":"0.00056000","quoteQty":"0.00056000","time":1712456894720,"isBuyerMaker":false},{"id":96531702,"price":"69485.0000000000000000","qty":"0.00103600","quoteQty":"0.00103600","time":1712456771974,"isBuyerMaker":false},{"id":96531645,"price":"69485.0000000000000000","qty":"0.00019100","quoteQty":"0.00019100","time":1712456747010,"isBuyerMaker":false},{"id":96531635,"price":"69436.5000000000000000","qty":"0.00110000","quoteQty":"0.00110000","time":1712456746546,"isBuyerMaker":false},{"id":96531628,"price":"69481.0000000000000000","qty":"0.00132400","quoteQty":"0.00132400","time":1712456746252,"isBuyerMaker":false},{"id":96531318,"price":"69436.5000000000000000","qty":"0.00081500","quoteQty":"0.00081500","time":1712456652786,"isBuyerMaker":false},{"id":96531310,"price":"69434.9000000000000000","qty":"0.00164300","quoteQty":"0.00164300","time":1712456652066,"isBuyerMaker":false},{"id":96531199,"price":"69433.9000000000000000","qty":"0.00043600","quoteQty":"0.00043600","time":1712456619868,"isBuyerMaker":false},{"id":96531106,"price":"69433.9000000000000000","qty":"0.00009600","quoteQty":"0.00009566","time":1712456596269,"isBuyerMaker":false},{"id":96530522,"price":"69454.7000000000000000","qty":"0.00053100","quoteQty":"36.88044570","time":1712456383790,"isBuyerMaker":true},{"id":96530433,"price":"69454.7000000000000000","qty":"0.00116700","quoteQty":"0.00116700","time":1712456360028,"isBuyerMaker":false},{"id":96530142,"price":"69454.7000000000000000","qty":"0.00053100","quoteQty":"0.00053100","time":1712456265092,"isBuyerMaker":false},{"id":96530136,"price":"69432.2000000000000000","qty":"0.00056200","quoteQty":"0.00056200","time":1712456264768,"isBuyerMaker":false},{"id":96530027,"price":"69432.2000000000000000","qty":"0.00156900","quoteQty":"0.00156900","time":1712456240815,"isBuyerMaker":false},{"id":96529934,"price":"69428.7000000000000000","qty":"0.00225100","quoteQty":"156.28400370","time":1712456209052,"isBuyerMaker":true},{"id":96529876,"price":"69428.7000000000000000","qty":"0.00003900","quoteQty":"2.69918998","time":1712456197332,"isBuyerMaker":true},{"id":96529636,"price":"69112.2300000000000000","qty":"0.00004400","quoteQty":"3.03135916","time":1712456125942,"isBuyerMaker":true},{"id":96529464,"price":"69490.4000000000000000","qty":"0.00151000","quoteQty":"0.00151000","time":1712456070134,"isBuyerMaker":false},{"id":96529389,"price":"69530.5000000000000000","qty":"0.00031600","quoteQty":"21.97163800","time":1712456038315,"isBuyerMaker":true},{"id":96529385,"price":"69545.0000000000000000","qty":"0.00015800","quoteQty":"10.98811000","time":1712456038091,"isBuyerMaker":true},{"id":96529219,"price":"69614.6000000000000000","qty":"0.00058300","quoteQty":"0.00058300","time":1712455983484,"isBuyerMaker":false},{"id":96529217,"price":"69594.9000000000000000","qty":"0.00047200","quoteQty":"0.00047200","time":1712455983004,"isBuyerMaker":false},{"id":96529215,"price":"69600.0000000000000000","qty":"0.00008100","quoteQty":"0.00008100","time":1712455982802,"isBuyerMaker":false},{"id":96529213,"price":"69600.2600000000000000","qty":"0.00003400","quoteQty":"0.00003400","time":1712455982569,"isBuyerMaker":false},{"id":96529200,"price":"69602.0300000000000000","qty":"0.00002100","quoteQty":"0.00002100","time":1712455982047,"isBuyerMaker":false},{"id":96529130,"price":"69545.0000000000000000","qty":"0.00073300","quoteQty":"50.97648500","time":1712455952418,"isBuyerMaker":true},{"id":96528890,"price":"69594.9000000000000000","qty":"0.00084900","quoteQty":"0.00084900","time":1712455870873,"isBuyerMaker":false},{"id":96528876,"price":"69584.1000000000000000","qty":"0.00186200","quoteQty":"0.00186200","time":1712455870017,"isBuyerMaker":false},{"id":96528397,"price":"69584.1000000000000000","qty":"0.00050200","quoteQty":"0.00050200","time":1712455758609,"isBuyerMaker":false},{"id":96528118,"price":"69584.1000000000000000","qty":"0.00030900","quoteQty":"0.00030900","time":1712455663857,"isBuyerMaker":false},{"id":96528116,"price":"69219.1300000000000000","qty":"0.00000400","quoteQty":"0.00000400","time":1712455663300,"isBuyerMaker":false},{"id":96528114,"price":"69405.0000000000000000","qty":"0.00002300","quoteQty":"0.00002300","time":1712455662836,"isBuyerMaker":false},{"id":96528112,"price":"69361.3000000000000000","qty":"0.00010100","quoteQty":"0.00010100","time":1712455662577,"isBuyerMaker":false},{"id":96528110,"price":"69403.3800000000000000","qty":"0.00002300","quoteQty":"0.00002300","time":1712455662269,"isBuyerMaker":false},{"id":96528108,"price":"69351.4500000000000000","qty":"0.00002300","quoteQty":"0.00002300","time":1712455662013,"isBuyerMaker":false},{"id":96528107,"price":"69405.8200000000000000","qty":"0.00005100","quoteQty":"0.00005100","time":1712455661701,"isBuyerMaker":false},{"id":96528105,"price":"69284.3800000000000000","qty":"0.00003300","quoteQty":"0.00003300","time":1712455661303,"isBuyerMaker":false},{"id":96528103,"price":"69284.3800000000000000","qty":"0.00002200","quoteQty":"0.00002200","time":1712455660621,"isBuyerMaker":false},{"id":96528101,"price":"69379.2700000000000000","qty":"0.00004400","quoteQty":"0.00004400","time":1712455660151,"isBuyerMaker":false},{"id":96528099,"price":"69510.2400000000000000","qty":"0.00002200","quoteQty":"0.00002200","time":1712455659772,"isBuyerMaker":false},{"id":96528096,"price":"69557.1000000000000000","qty":"0.00075000","quoteQty":"0.00075000","time":1712455659439,"isBuyerMaker":false},{"id":96528095,"price":"69578.8800000000000000","qty":"0.00001900","quoteQty":"0.00001900","time":1712455658970,"isBuyerMaker":false},{"id":96528093,"price":"69579.3000000000000000","qty":"0.00009900","quoteQty":"0.00009900","time":1712455658573,"isBuyerMaker":false},{"id":96527948,"price":"69219.1300000000000000","qty":"0.00005500","quoteQty":"0.00005500","time":1712455613044,"isBuyerMaker":false},{"id":96527942,"price":"69553.5000000000000000","qty":"0.00219900","quoteQty":"152.46635984","time":1712455609190,"isBuyerMaker":true},{"id":96527941,"price":"69000.0000000000000000","qty":"0.00032600","quoteQty":"22.42314390","time":1712455608835,"isBuyerMaker":true},{"id":96527940,"price":"69049.6000000000000000","qty":"0.00002200","quoteQty":"1.51430606","time":1712455608573,"isBuyerMaker":true},{"id":96527938,"price":"69000.0000000000000000","qty":"0.00002900","quoteQty":"1.99469685","time":1712455608314,"isBuyerMaker":true},{"id":96527937,"price":"68950.0000000000000000","qty":"0.00002300","quoteQty":"1.58085457","time":1712455608112,"isBuyerMaker":true},{"id":96527936,"price":"68895.4700000000000000","qty":"0.00010100","quoteQty":"6.93652338","time":1712455607886,"isBuyerMaker":true},{"id":96527935,"price":"68943.4500000000000000","qty":"0.00002300","quoteQty":"1.58070440","time":1712455607662,"isBuyerMaker":true},{"id":96527934,"price":"68894.8900000000000000","qty":"0.00002300","quoteQty":"1.57959104","time":1712455607325,"isBuyerMaker":true},{"id":96527933,"price":"68945.8700000000000000","qty":"0.00005100","quoteQty":"3.50516322","time":1712455606853,"isBuyerMaker":true},{"id":96527932,"price":"68919.5000000000000000","qty":"0.00004400","quoteQty":"3.02290576","time":1712455606611,"isBuyerMaker":true},{"id":96527931,"price":"69205.8000000000000000","qty":"0.00144500","quoteQty":"99.68737350","time":1712455606341,"isBuyerMaker":true},{"id":96527929,"price":"68754.4000000000000000","qty":"0.00005900","quoteQty":"4.04373159","time":1712455606094,"isBuyerMaker":true},{"id":96527928,"price":"68822.1700000000000000","qty":"0.00003300","quoteQty":"2.26397755","time":1712455605801,"isBuyerMaker":true},{"id":96527927,"price":"68822.1700000000000000","qty":"0.00002200","quoteQty":"1.50931836","time":1712455605571,"isBuyerMaker":true},{"id":96527926,"price":"68742.4600000000000000","qty":"0.00965900","quoteQty":"661.89187336","time":1712455605316,"isBuyerMaker":true},{"id":96527898,"price":"69557.1000000000000000","qty":"0.00116200","quoteQty":"0.00116200","time":1712455601793,"isBuyerMaker":false},{"id":96527888,"price":"69555.8000000000000000","qty":"0.00112300","quoteQty":"0.00112300","time":1712455601496,"isBuyerMaker":false},{"id":96527829,"price":"69555.8000000000000000","qty":"0.00133600","quoteQty":"0.00133600","time":1712455577291,"isBuyerMaker":false},{"id":96527775,"price":"69553.6000000000000000","qty":"0.00191200","quoteQty":"0.00191200","time":1712455548712,"isBuyerMaker":false},{"id":96527774,"price":"69555.8000000000000000","qty":"0.00018600","quoteQty":"0.00018600","time":1712455548322,"isBuyerMaker":false},{"id":96527389,"price":"69578.8800000000000000","qty":"0.00000200","quoteQty":"0.00000199","time":1712455398714,"isBuyerMaker":false},{"id":96527388,"price":"69557.8800000000000000","qty":"0.00002000","quoteQty":"0.00001994","time":1712455398499,"isBuyerMaker":false},{"id":96527387,"price":"69569.8600000000000000","qty":"0.00002300","quoteQty":"0.00002293","time":1712455398260,"isBuyerMaker":false},{"id":96527379,"price":"69538.6000000000000000","qty":"0.00066100","quoteQty":"0.00066100","time":1712455395709,"isBuyerMaker":false},{"id":96527376,"price":"69552.2000000000000000","qty":"0.00162600","quoteQty":"0.00162600","time":1712455395298,"isBuyerMaker":false},{"id":96527332,"price":"69205.8100000000000000","qty":"0.00004500","quoteQty":"3.10445153","time":1712455378399,"isBuyerMaker":true},{"id":96527275,"price":"69552.2000000000000000","qty":"0.00007000","quoteQty":"0.00006976","time":1712455361264,"isBuyerMaker":false},{"id":96527138,"price":"69543.0000000000000000","qty":"0.00033000","quoteQty":"0.00033000","time":1712455322898,"isBuyerMaker":false},{"id":96527135,"price":"69552.2000000000000000","qty":"0.00011300","quoteQty":"0.00011300","time":1712455322608,"isBuyerMaker":false},{"id":96527132,"price":"69539.8000000000000000","qty":"0.00240100","quoteQty":"0.00240100","time":1712455321847,"isBuyerMaker":false},{"id":96526976,"price":"69205.8100000000000000","qty":"0.00049100","quoteQty":"33.86112253","time":1712455268525,"isBuyerMaker":true},{"id":96526898,"price":"69205.8100000000000000","qty":"0.00034400","quoteQty":"23.75918504","time":1712455221372,"isBuyerMaker":true},{"id":96526767,"price":"69544.4000000000000000","qty":"0.00028700","quoteQty":"0.00028700","time":1712455157641,"isBuyerMaker":false},{"id":96526757,"price":"69542.0000000000000000","qty":"0.00025900","quoteQty":"0.00025900","time":1712455156887,"isBuyerMaker":false},{"id":96526698,"price":"69205.8100000000000000","qty":"0.00011600","quoteQty":"8.01181821","time":1712455135017,"isBuyerMaker":true},{"id":96526686,"price":"69525.4000000000000000","qty":"0.00100600","quoteQty":"0.00100600","time":1712455126328,"isBuyerMaker":false},{"id":96526685,"price":"69542.0000000000000000","qty":"0.00013100","quoteQty":"0.00013100","time":1712455126069,"isBuyerMaker":false},{"id":96526682,"price":"69520.9100000000000000","qty":"0.00008200","quoteQty":"0.00008200","time":1712455125364,"isBuyerMaker":false},{"id":96526679,"price":"69542.0000000000000000","qty":"0.00149400","quoteQty":"0.00149400","time":1712455125109,"isBuyerMaker":false},{"id":96526672,"price":"69520.9100000000000000","qty":"0.00001800","quoteQty":"0.00001800","time":1712455124512,"isBuyerMaker":false},{"id":96526644,"price":"69513.8800000000000000","qty":"0.00049300","quoteQty":"0.00049211","time":1712455110021,"isBuyerMaker":false},{"id":96526577,"price":"69500.0000000000000000","qty":"0.00007000","quoteQty":"0.00007000","time":1712455087118,"isBuyerMaker":false},{"id":96526575,"price":"69510.2000000000000000","qty":"0.00033000","quoteQty":"0.00033000","time":1712455086032,"isBuyerMaker":false},{"id":96526573,"price":"69500.0000000000000000","qty":"0.00187900","quoteQty":"0.00187900","time":1712455085303,"isBuyerMaker":false},{"id":96526571,"price":"69510.2500000000000000","qty":"0.00002200","quoteQty":"0.00002200","time":1712455084734,"isBuyerMaker":false},{"id":96526569,"price":"69513.8800000000000000","qty":"0.00004100","quoteQty":"0.00004100","time":1712455084369,"isBuyerMaker":false},{"id":96526450,"price":"69497.5000000000000000","qty":"0.00067700","quoteQty":"0.00067700","time":1712455043138,"isBuyerMaker":false},{"id":96526443,"price":"69500.0000000000000000","qty":"0.00126400","quoteQty":"0.00126400","time":1712455042432,"isBuyerMaker":false},{"id":96526365,"price":"69497.5000000000000000","qty":"0.00079000","quoteQty":"0.00079000","time":1712455002454,"isBuyerMaker":false},{"id":96526018,"price":"69500.0000000000000000","qty":"0.00152000","quoteQty":"0.00152000","time":1712454867183,"isBuyerMaker":false},{"id":96526012,"price":"69500.0000000000000000","qty":"0.00073700","quoteQty":"0.00073700","time":1712454866814,"isBuyerMaker":false},{"id":96525910,"price":"69493.9000000000000000","qty":"0.00019600","quoteQty":"0.00019600","time":1712454811304,"isBuyerMaker":false},{"id":96525900,"price":"69500.0000000000000000","qty":"0.00043600","quoteQty":"0.00043600","time":1712454810664,"isBuyerMaker":false},{"id":96525823,"price":"69381.3000000000000000","qty":"0.00075300","quoteQty":"0.00075300","time":1712454781799,"isBuyerMaker":false},{"id":96525806,"price":"69387.1000000000000000","qty":"0.00055700","quoteQty":"0.00055700","time":1712454781379,"isBuyerMaker":false},{"id":96525764,"price":"69381.3000000000000000","qty":"0.00081800","quoteQty":"0.00081800","time":1712454758272,"isBuyerMaker":false},{"id":96525760,"price":"69367.2000000000000000","qty":"0.00164000","quoteQty":"0.00164000","time":1712454757785,"isBuyerMaker":false},{"id":96525653,"price":"69364.5000000000000000","qty":"0.00222000","quoteQty":"0.00222000","time":1712454709125,"isBuyerMaker":false},{"id":96525649,"price":"69367.2000000000000000","qty":"0.00003700","quoteQty":"0.00003700","time":1712454708873,"isBuyerMaker":false},{"id":96524749,"price":"69457.0000000000000000","qty":"0.00054300","quoteQty":"37.71515100","time":1712454439331,"isBuyerMaker":true},{"id":96524687,"price":"69428.9000000000000000","qty":"0.00123800","quoteQty":"0.00123800","time":1712454410947,"isBuyerMaker":false},{"id":96524668,"price":"69414.6000000000000000","qty":"0.00026300","quoteQty":"0.00026300","time":1712454410643,"isBuyerMaker":false},{"id":96524523,"price":"69414.6000000000000000","qty":"0.00192600","quoteQty":"0.00192600","time":1712454348195,"isBuyerMaker":false},{"id":96524520,"price":"69413.8000000000000000","qty":"0.00014400","quoteQty":"0.00014400","time":1712454347978,"isBuyerMaker":false},{"id":96524306,"price":"69415.4000000000000000","qty":"0.00162700","quoteQty":"112.93885580","time":1712454284761,"isBuyerMaker":true},{"id":96524110,"price":"69486.2000000000000000","qty":"0.00025000","quoteQty":"17.37155000","time":1712454222923,"isBuyerMaker":true},{"id":96524099,"price":"69486.2000000000000000","qty":"0.00008100","quoteQty":"5.60868286","time":1712454216406,"isBuyerMaker":true},{"id":96523488,"price":"69493.9000000000000000","qty":"0.00130700","quoteQty":"0.00130700","time":1712454060159,"isBuyerMaker":false},{"id":96523298,"price":"69441.5000000000000000","qty":"0.00057600","quoteQty":"0.00057600","time":1712453984563,"isBuyerMaker":false},{"id":96523288,"price":"69493.9000000000000000","qty":"0.00014300","quoteQty":"0.00014300","time":1712453984227,"isBuyerMaker":false},{"id":96523169,"price":"69347.4100000000000000","qty":"0.00157100","quoteQty":"108.94478111","time":1712453962795,"isBuyerMaker":true},{"id":96522821,"price":"69369.2000000000000000","qty":"0.00172700","quoteQty":"0.00172700","time":1712453880839,"isBuyerMaker":false},{"id":96522543,"price":"69369.2000000000000000","qty":"0.00064800","quoteQty":"0.00064800","time":1712453809418,"isBuyerMaker":false},{"id":96522060,"price":"69365.0000000000000000","qty":"0.00161000","quoteQty":"111.67765000","time":1712453642495,"isBuyerMaker":true},{"id":96522050,"price":"69346.3000000000000000","qty":"0.00026500","quoteQty":"18.37676950","time":1712453641617,"isBuyerMaker":true},{"id":96521987,"price":"69405.6000000000000000","qty":"0.00081800","quoteQty":"56.77378080","time":1712453610821,"isBuyerMaker":true},{"id":96521968,"price":"69365.0000000000000000","qty":"0.00134500","quoteQty":"93.29592500","time":1712453609848,"isBuyerMaker":true},{"id":96521889,"price":"69398.1000000000000000","qty":"0.00114100","quoteQty":"0.00114100","time":1712453584252,"isBuyerMaker":false},{"id":96521817,"price":"69398.1000000000000000","qty":"0.00080500","quoteQty":"0.00080500","time":1712453561259,"isBuyerMaker":false},{"id":96521534,"price":"69435.2000000000000000","qty":"0.00097900","quoteQty":"67.97706080","time":1712453479982,"isBuyerMaker":true},{"id":96521394,"price":"69493.9000000000000000","qty":"0.00024400","quoteQty":"16.91581597","time":1712453439065,"isBuyerMaker":true},{"id":96521302,"price":"69493.9000000000000000","qty":"0.00228800","quoteQty":"159.00204320","time":1712453412557,"isBuyerMaker":true},{"id":96521146,"price":"69205.8100000000000000","qty":"0.00039000","quoteQty":"26.89579997","time":1712453365126,"isBuyerMaker":true},{"id":96521121,"price":"69205.8100000000000000","qty":"0.00152200","quoteQty":"104.96258347","time":1712453357566,"isBuyerMaker":true},{"id":96521049,"price":"69490.2000000000000000","qty":"0.00162600","quoteQty":"0.00162600","time":1712453342674,"isBuyerMaker":false},{"id":96521047,"price":"69499.9800000000000000","qty":"0.00042000","quoteQty":"0.00042000","time":1712453342299,"isBuyerMaker":false},{"id":96521046,"price":"69500.0000000000000000","qty":"0.00016700","quoteQty":"0.00016700","time":1712453341672,"isBuyerMaker":false},{"id":96521045,"price":"69499.9900000000000000","qty":"0.00002200","quoteQty":"0.00002200","time":1712453341365,"isBuyerMaker":false},{"id":96521044,"price":"69497.4100000000000000","qty":"0.00006700","quoteQty":"0.00006700","time":1712453341060,"isBuyerMaker":false},{"id":96520941,"price":"69490.2000000000000000","qty":"0.00034500","quoteQty":"0.00034500","time":1712453310588,"isBuyerMaker":false},{"id":96520737,"price":"69484.7000000000000000","qty":"0.00082400","quoteQty":"0.00082400","time":1712453257823,"isBuyerMaker":false},{"id":96520734,"price":"69350.9000000000000000","qty":"0.00137000","quoteQty":"0.00137000","time":1712453257614,"isBuyerMaker":false},{"id":96520732,"price":"69361.3100000000000000","qty":"0.00010100","quoteQty":"0.00010100","time":1712453257116,"isBuyerMaker":false},{"id":96520730,"price":"69351.4600000000000000","qty":"0.00002300","quoteQty":"0.00002300","time":1712453256346,"isBuyerMaker":false},{"id":96520726,"price":"69379.2800000000000000","qty":"0.00004400","quoteQty":"0.00004400","time":1712453255206,"isBuyerMaker":false},{"id":96520713,"price":"69405.0000000000000000","qty":"0.00002300","quoteQty":"0.00002300","time":1712453254227,"isBuyerMaker":false},{"id":96520699,"price":"69405.8300000000000000","qty":"0.00005100","quoteQty":"0.00005100","time":1712453253770,"isBuyerMaker":false},{"id":96520668,"price":"69403.3900000000000000","qty":"0.00002300","quoteQty":"0.00002300","time":1712453253255,"isBuyerMaker":false},{"id":96520557,"price":"69205.8100000000000000","qty":"0.00095100","quoteQty":"65.58437377","time":1712453199499,"isBuyerMaker":true},{"id":96520409,"price":"69349.0000000000000000","qty":"0.00120000","quoteQty":"0.00120000","time":1712453094693,"isBuyerMaker":false},{"id":96520408,"price":"69350.9000000000000000","qty":"0.00001400","quoteQty":"0.00001400","time":1712453094426,"isBuyerMaker":false},{"id":96520404,"price":"69350.0000000000000000","qty":"0.00093000","quoteQty":"0.00093000","time":1712453094149,"isBuyerMaker":false},{"id":96520024,"price":"69331.0000000000000000","qty":"0.00135500","quoteQty":"0.00135500","time":1712453005639,"isBuyerMaker":false},{"id":96519809,"price":"69288.0000000000000000","qty":"0.00116900","quoteQty":"0.00116900","time":1712452964687,"isBuyerMaker":false},{"id":96519774,"price":"69277.0000000000000000","qty":"0.00181800","quoteQty":"0.00181800","time":1712452957919,"isBuyerMaker":false},{"id":96519689,"price":"69264.3000000000000000","qty":"0.00114000","quoteQty":"0.00114000","time":1712452941318,"isBuyerMaker":false},{"id":96519663,"price":"69256.6000000000000000","qty":"0.00048400","quoteQty":"0.00048400","time":1712452933060,"isBuyerMaker":false},{"id":96519263,"price":"69256.6000000000000000","qty":"0.00061300","quoteQty":"0.00061300","time":1712452818086,"isBuyerMaker":false},{"id":96519256,"price":"69250.0000000000000000","qty":"0.00064000","quoteQty":"0.00064000","time":1712452817542,"isBuyerMaker":false},{"id":96519243,"price":"69250.0000000000000000","qty":"0.00006000","quoteQty":"0.00006000","time":1712452815887,"isBuyerMaker":false},{"id":96519141,"price":"69216.3000000000000000","qty":"0.00158600","quoteQty":"0.00158600","time":1712452770929,"isBuyerMaker":false},{"id":96519127,"price":"69208.8000000000000000","qty":"0.00089700","quoteQty":"0.00089700","time":1712452770232,"isBuyerMaker":false},{"id":96518478,"price":"69208.8000000000000000","qty":"0.00124100","quoteQty":"0.00124100","time":1712452542228,"isBuyerMaker":false},{"id":96518388,"price":"69205.8000000000000000","qty":"0.00096800","quoteQty":"66.99121440","time":1712452505433,"isBuyerMaker":true},{"id":96517871,"price":"69249.7000000000000000","qty":"0.00134400","quoteQty":"0.00134400","time":1712452348313,"isBuyerMaker":false},{"id":96517861,"price":"69125.0000000000000000","qty":"0.00117100","quoteQty":"0.00117100","time":1712452347912,"isBuyerMaker":false},{"id":96517858,"price":"69114.0000000000000000","qty":"0.00032700","quoteQty":"0.00032700","time":1712452347647,"isBuyerMaker":false},{"id":96517472,"price":"69110.0000000000000000","qty":"0.00072500","quoteQty":"0.00072500","time":1712452173563,"isBuyerMaker":false},{"id":96517462,"price":"69114.0000000000000000","qty":"0.00221900","quoteQty":"0.00221900","time":1712452172968,"isBuyerMaker":false},{"id":96517083,"price":"69110.0000000000000000","qty":"0.00063500","quoteQty":"0.00063500","time":1712452068206,"isBuyerMaker":false},{"id":96516814,"price":"69033.5000000000000000","qty":"0.00039000","quoteQty":"0.00039000","time":1712452006701,"isBuyerMaker":false},{"id":96516809,"price":"69114.0000000000000000","qty":"0.00034700","quoteQty":"0.00034700","time":1712452006221,"isBuyerMaker":false},{"id":96516800,"price":"69092.7000000000000000","qty":"0.00115700","quoteQty":"0.00115700","time":1712452005910,"isBuyerMaker":false},{"id":96516785,"price":"69050.0000000000000000","qty":"0.00047700","quoteQty":"0.00047700","time":1712452005629,"isBuyerMaker":false},{"id":96516631,"price":"69033.5000000000000000","qty":"0.00170600","quoteQty":"0.00170600","time":1712451948218,"isBuyerMaker":false},{"id":96516627,"price":"69032.8000000000000000","qty":"0.00003200","quoteQty":"0.00003200","time":1712451947604,"isBuyerMaker":false},{"id":96516150,"price":"69032.8000000000000000","qty":"0.00218400","quoteQty":"0.00218400","time":1712451809130,"isBuyerMaker":false},{"id":96516144,"price":"69008.2000000000000000","qty":"0.00035000","quoteQty":"0.00035000","time":1712451808886,"isBuyerMaker":false},{"id":96516088,"price":"69008.2000000000000000","qty":"0.00115800","quoteQty":"0.00115800","time":1712451779866,"isBuyerMaker":false},{"id":96515872,"price":"69008.2000000000000000","qty":"0.00063600","quoteQty":"0.00063600","time":1712451729636,"isBuyerMaker":false},{"id":96515870,"price":"68992.4000000000000000","qty":"0.00120300","quoteQty":"0.00120300","time":1712451728517,"isBuyerMaker":false},{"id":96515867,"price":"68992.4000000000000000","qty":"0.00098500","quoteQty":"0.00098500","time":1712451727735,"isBuyerMaker":false},{"id":96515682,"price":"68974.0000000000000000","qty":"0.00104800","quoteQty":"72.28475200","time":1712451660192,"isBuyerMaker":true},{"id":96515641,"price":"68974.0000000000000000","qty":"0.00112600","quoteQty":"77.42008012","time":1712451646558,"isBuyerMaker":true},{"id":96515421,"price":"69011.9000000000000000","qty":"0.00000300","quoteQty":"0.20703570","time":1712451545028,"isBuyerMaker":true},{"id":96515419,"price":"69012.4000000000000000","qty":"0.00169200","quoteQty":"116.76898080","time":1712451544686,"isBuyerMaker":true},{"id":96515259,"price":"69041.4000000000000000","qty":"0.00217200","quoteQty":"149.95792080","time":1712451483407,"isBuyerMaker":true},{"id":96515254,"price":"69012.4000000000000000","qty":"0.00064000","quoteQty":"44.16793600","time":1712451483020,"isBuyerMaker":true},{"id":96515021,"price":"69043.1000000000000000","qty":"0.00060300","quoteQty":"41.63298930","time":1712451388261,"isBuyerMaker":true},{"id":96514987,"price":"69043.1000000000000000","qty":"0.00093200","quoteQty":"64.12295061","time":1712451369614,"isBuyerMaker":true},{"id":96514986,"price":"69049.2000000000000000","qty":"0.00126000","quoteQty":"86.69748503","time":1712451368298,"isBuyerMaker":true},{"id":96514618,"price":"69049.2000000000000000","qty":"0.00069500","quoteQty":"47.98919400","time":1712451261793,"isBuyerMaker":true},{"id":96514316,"price":"69070.3000000000000000","qty":"0.00001400","quoteQty":"0.00001400","time":1712451141574,"isBuyerMaker":false},{"id":96514309,"price":"69059.6000000000000000","qty":"0.00043400","quoteQty":"0.00043400","time":1712451141225,"isBuyerMaker":false},{"id":96514223,"price":"69049.2000000000000000","qty":"0.00055000","quoteQty":"37.97706000","time":1712451113675,"isBuyerMaker":true},{"id":96513946,"price":"69028.2000000000000000","qty":"0.00257900","quoteQty":"178.02372780","time":1712451041515,"isBuyerMaker":true},{"id":96513943,"price":"69028.3000000000000000","qty":"0.00091200","quoteQty":"0.00090913","time":1712451040311,"isBuyerMaker":false},{"id":96513857,"price":"69028.3000000000000000","qty":"0.00004400","quoteQty":"0.00004389","time":1712451019563,"isBuyerMaker":false},{"id":96513839,"price":"69028.2000000000000000","qty":"0.00004300","quoteQty":"2.95886273","time":1712451006038,"isBuyerMaker":true},{"id":96513809,"price":"69028.3000000000000000","qty":"0.00059300","quoteQty":"0.00059300","time":1712450999071,"isBuyerMaker":false},{"id":96513478,"price":"69022.0000000000000000","qty":"0.00131900","quoteQty":"0.00131900","time":1712450878853,"isBuyerMaker":false},{"id":96513413,"price":"69040.9000000000000000","qty":"0.00162200","quoteQty":"111.98433980","time":1712450856158,"isBuyerMaker":true},{"id":96513070,"price":"69059.6000000000000000","qty":"0.00107400","quoteQty":"74.17001040","time":1712450742222,"isBuyerMaker":true}