{"symbol":"CKB_IRT","lastTrades":[{"id":102097647,"price":"1059.0000000000000000","qty":"4836.00000000","quoteQty":"5105447.89560000","time":1715149950532,"isBuyerMaker":true},{"id":102094945,"price":"1069.6000000000000000","qty":"4836.00000000","quoteQty":"5156550.58464000","time":1715148507854,"isBuyerMaker":true},{"id":102093465,"price":"1070.8000000000000000","qty":"181.33570000","quoteQty":"181.33570000","time":1715147460289,"isBuyerMaker":false},{"id":102093462,"price":"1070.8000000000000000","qty":"9109.66430000","quoteQty":"9724389.18398944","time":1715147447160,"isBuyerMaker":true},{"id":102061118,"price":"1076.0000000000000000","qty":"73.00040000","quoteQty":"78548.43040000","time":1715123757203,"isBuyerMaker":true},{"id":102046239,"price":"1104.0000000000000000","qty":"73.00040000","quoteQty":"80592.44160000","time":1715114172120,"isBuyerMaker":true},{"id":102025533,"price":"1119.4000000000000000","qty":"44.66680000","quoteQty":"44.54173296","time":1715100290588,"isBuyerMaker":false},{"id":101991389,"price":"1132.0000000000000000","qty":"44.16970000","quoteQty":"50000.10040000","time":1715076357837,"isBuyerMaker":true},{"id":101980605,"price":"1132.0000000000000000","qty":"73.00040000","quoteQty":"73.00040000","time":1715070046436,"isBuyerMaker":false},{"id":101963622,"price":"1120.2000000000000000","qty":"1708.00000000","quoteQty":"1907944.35552000","time":1715059455378,"isBuyerMaker":true},{"id":101953725,"price":"1104.0000000000000000","qty":"452.79070000","quoteQty":"499880.93280000","time":1715052992845,"isBuyerMaker":true},{"id":101953724,"price":"1104.0000000000000000","qty":"73.00040000","quoteQty":"80592.44160000","time":1715052992478,"isBuyerMaker":true},{"id":101928825,"price":"1122.7000000000000000","qty":"44.53550000","quoteQty":"50000.00585000","time":1715037372743,"isBuyerMaker":true},{"id":101894230,"price":"1122.7000000000000000","qty":"2035.36510000","quoteQty":"2278020.57413691","time":1715015750512,"isBuyerMaker":true},{"id":101876254,"price":"1138.5000000000000000","qty":"174.64950000","quoteQty":"198142.52115488","time":1715005659611,"isBuyerMaker":true},{"id":101867691,"price":"1114.8000000000000000","qty":"4563.86170000","quoteQty":"5073547.20269515","time":1715000966711,"isBuyerMaker":true},{"id":101865660,"price":"1132.0000000000000000","qty":"73.00040000","quoteQty":"82636.45280000","time":1715000093502,"isBuyerMaker":true},{"id":101862061,"price":"1160.0000000000000000","qty":"73.00040000","quoteQty":"84680.46400000","time":1714998823927,"isBuyerMaker":true},{"id":101858743,"price":"1188.0000000000000000","qty":"1409.74030000","quoteQty":"1674771.47640000","time":1714997709467,"isBuyerMaker":true},{"id":101858723,"price":"1187.6000000000000000","qty":"504.54070000","quoteQty":"502.97662383","time":1714997698711,"isBuyerMaker":false},{"id":101858722,"price":"1188.0000000000000000","qty":"126.70630000","quoteQty":"126.31351047","time":1714997698440,"isBuyerMaker":false},{"id":101849759,"price":"1188.0000000000000000","qty":"73.00040000","quoteQty":"86724.47520000","time":1714992535399,"isBuyerMaker":true},{"id":101849753,"price":"1213.2000000000000000","qty":"49.99670000","quoteQty":"49.82171155","time":1714992534648,"isBuyerMaker":false},{"id":101843891,"price":"1216.0000000000000000","qty":"73.00040000","quoteQty":"73.00040000","time":1714989979241,"isBuyerMaker":false},{"id":101842641,"price":"1194.6000000000000000","qty":"103.38440000","quoteQty":"123157.19582813","time":1714989214968,"isBuyerMaker":true},{"id":101830137,"price":"1188.0000000000000000","qty":"73.00040000","quoteQty":"73.00040000","time":1714983825131,"isBuyerMaker":false},{"id":101817101,"price":"1168.1000000000000000","qty":"1712.18210000","quoteQty":"1999999.91101000","time":1714976423281,"isBuyerMaker":true},{"id":101815502,"price":"1160.0000000000000000","qty":"73.00040000","quoteQty":"73.00040000","time":1714975276376,"isBuyerMaker":false},{"id":101805728,"price":"1132.0000000000000000","qty":"73.00040000","quoteQty":"82636.45280000","time":1714968486274,"isBuyerMaker":true},{"id":101796215,"price":"1153.5000000000000000","qty":"58.21640000","quoteQty":"66917.58323910","time":1714961590023,"isBuyerMaker":true},{"id":101780458,"price":"1135.3000000000000000","qty":"11895.57230000","quoteQty":"13467229.11113987","time":1714950255373,"isBuyerMaker":true},{"id":101777364,"price":"1139.0000000000000000","qty":"58.19680000","quoteQty":"66054.15365680","time":1714947962306,"isBuyerMaker":true},{"id":101772061,"price":"1151.0000000000000000","qty":"249.31190000","quoteQty":"286957.99690000","time":1714944158370,"isBuyerMaker":true},{"id":101771981,"price":"1152.0000000000000000","qty":"541.36540000","quoteQty":"623652.94080000","time":1714944114242,"isBuyerMaker":true},{"id":101771282,"price":"1152.0000000000000000","qty":"50.00000000","quoteQty":"57398.40000000","time":1714943610371,"isBuyerMaker":true},{"id":101762634,"price":"1149.7000000000000000","qty":"1282.65310000","quoteQty":"1282.65310000","time":1714937998680,"isBuyerMaker":false},{"id":101753749,"price":"1149.7000000000000000","qty":"3349.26670000","quoteQty":"3850651.92499000","time":1714932647473,"isBuyerMaker":true},{"id":101728774,"price":"1149.7000000000000000","qty":"347.91690000","quoteQty":"347.91690000","time":1714917264941,"isBuyerMaker":false},{"id":101721812,"price":"1149.7000000000000000","qty":"43.48970000","quoteQty":"50000.10809000","time":1714913132483,"isBuyerMaker":true},{"id":101716773,"price":"1149.7000000000000000","qty":"3095.53550000","quoteQty":"3548367.12097188","time":1714909808400,"isBuyerMaker":true},{"id":101716771,"price":"1151.0000000000000000","qty":"587.74000000","quoteQty":"674479.56844220","time":1714909807617,"isBuyerMaker":true},{"id":101711997,"price":"1142.5000000000000000","qty":"80.01200000","quoteQty":"91093.76201500","time":1714906679693,"isBuyerMaker":true},{"id":101711946,"price":"1142.5000000000000000","qty":"6320.00000000","quoteQty":"7196772.02000000","time":1714906646628,"isBuyerMaker":true},{"id":101710579,"price":"1136.7000000000000000","qty":"960.41030000","quoteQty":"1087877.44365196","time":1714905810081,"isBuyerMaker":true},{"id":101687061,"price":"1136.6000000000000000","qty":"8871.77730000","quoteQty":"10055427.82535830","time":1714891255060,"isBuyerMaker":true},{"id":101687059,"price":"1143.7000000000000000","qty":"40.97970000","quoteQty":"46737.25113791","time":1714891254689,"isBuyerMaker":true},{"id":101686347,"price":"1161.3000000000000000","qty":"954.71100000","quoteQty":"1108705.88430000","time":1714890792640,"isBuyerMaker":true},{"id":101678966,"price":"1161.3000000000000000","qty":"77.62190000","quoteQty":"89826.81437636","time":1714886081530,"isBuyerMaker":true},{"id":101659041,"price":"1160.0000000000000000","qty":"73.00040000","quoteQty":"84680.46400000","time":1714873321255,"isBuyerMaker":true},{"id":101657525,"price":"1188.0000000000000000","qty":"6.50650000","quoteQty":"7729.72200000","time":1714872690437,"isBuyerMaker":true},{"id":101646416,"price":"1212.1000000000000000","qty":"7272.51950000","quoteQty":"7252.15644540","time":1714865516717,"isBuyerMaker":false},{"id":101646187,"price":"1208.2000000000000000","qty":"1665.26330000","quoteQty":"1660.60056276","time":1714865363219,"isBuyerMaker":false},{"id":101641501,"price":"1188.0000000000000000","qty":"66.49390000","quoteQty":"78745.91972742","time":1714862161558,"isBuyerMaker":true},{"id":101638832,"price":"1194.7000000000000000","qty":"205.98070000","quoteQty":"205.98070000","time":1714860294435,"isBuyerMaker":false},{"id":101638706,"price":"1194.7000000000000000","qty":"80.27700000","quoteQty":"95571.25763835","time":1714860201887,"isBuyerMaker":true},{"id":101632087,"price":"1194.7000000000000000","qty":"226.00000000","quoteQty":"269057.19230000","time":1714855887063,"isBuyerMaker":true},{"id":101630885,"price":"1219.6000000000000000","qty":"311.57830000","quoteQty":"310.48777595","time":1714855110192,"isBuyerMaker":false},{"id":101627726,"price":"1243.4000000000000000","qty":"151.98000000","quoteQty":"151.55445600","time":1714853140188,"isBuyerMaker":false},{"id":101620304,"price":"1216.0000000000000000","qty":"73.00040000","quoteQty":"73.00040000","time":1714848261431,"isBuyerMaker":false},{"id":101611234,"price":"1195.0000000000000000","qty":"209.70960000","quoteQty":"250602.97200000","time":1714842935914,"isBuyerMaker":true},{"id":101611233,"price":"1195.0000000000000000","qty":"623.33690000","quoteQty":"744887.59550000","time":1714842935584,"isBuyerMaker":true},{"id":101610715,"price":"1195.0000000000000000","qty":"5848.54590000","quoteQty":"6989012.35050000","time":1714842601567,"isBuyerMaker":true},{"id":101606529,"price":"1193.3000000000000000","qty":"8.83020000","quoteQty":"10537.07766000","time":1714839928143,"isBuyerMaker":true},{"id":101604782,"price":"1204.5000000000000000","qty":"82.92230000","quoteQty":"82.63207195","time":1714838949299,"isBuyerMaker":false},{"id":101598197,"price":"1193.3000000000000000","qty":"191.16980000","quoteQty":"190.50070570","time":1714834956228,"isBuyerMaker":false},{"id":101597698,"price":"1193.3000000000000000","qty":"54.98370000","quoteQty":"54.79125705","time":1714834631084,"isBuyerMaker":false},{"id":101597004,"price":"1176.2000000000000000","qty":"5037.37370000","quoteQty":"5906591.57320759","time":1714834198396,"isBuyerMaker":true},{"id":101590402,"price":"1165.2000000000000000","qty":"13467.93710000","quoteQty":"13467.93710000","time":1714830052703,"isBuyerMaker":false},{"id":101590396,"price":"1185.4000000000000000","qty":"5945.26060000","quoteQty":"5945.26060000","time":1714830052429,"isBuyerMaker":false},{"id":101590371,"price":"1165.2000000000000000","qty":"3334.00000000","quoteQty":"3873899.42496000","time":1714830044187,"isBuyerMaker":true},{"id":101588945,"price":"1165.2000000000000000","qty":"1566.00000000","quoteQty":"1818316.73880000","time":1714829424591,"isBuyerMaker":true},{"id":101587586,"price":"1188.0000000000000000","qty":"3367.00340000","quoteQty":"4000000.03920000","time":1714828728838,"isBuyerMaker":true},{"id":101587583,"price":"1188.0000000000000000","qty":"1683.50170000","quoteQty":"2000000.01960000","time":1714828727697,"isBuyerMaker":true},{"id":101583112,"price":"1188.0000000000000000","qty":"880.01210000","quoteQty":"880.01210000","time":1714827148804,"isBuyerMaker":false},{"id":101581179,"price":"1188.0000000000000000","qty":"73.00040000","quoteQty":"86724.47520000","time":1714825843014,"isBuyerMaker":true},{"id":101578881,"price":"1231.9000000000000000","qty":"66.70410000","quoteQty":"66.49398208","time":1714824370807,"isBuyerMaker":false},{"id":101576871,"price":"1211.6000000000000000","qty":"153.00000000","quoteQty":"184790.86938000","time":1714823359070,"isBuyerMaker":true},{"id":101576795,"price":"1229.5000000000000000","qty":"5332.36820000","quoteQty":"6556146.70190000","time":1714823318788,"isBuyerMaker":true},{"id":101576332,"price":"1229.5000000000000000","qty":"49.04400000","quoteQty":"60100.60932660","time":1714823174284,"isBuyerMaker":true},{"id":101575659,"price":"1229.5000000000000000","qty":"114.00000000","quoteQty":"139672.42950000","time":1714822815763,"isBuyerMaker":true},{"id":101574968,"price":"1229.5000000000000000","qty":"77.09930000","quoteQty":"94604.00217130","time":1714822486792,"isBuyerMaker":true},{"id":101574955,"price":"1244.0000000000000000","qty":"73.00040000","quoteQty":"73.00040000","time":1714822475477,"isBuyerMaker":false},{"id":101573780,"price":"1218.2000000000000000","qty":"120.91710000","quoteQty":"120.91710000","time":1714821738615,"isBuyerMaker":false},{"id":101573778,"price":"1216.0000000000000000","qty":"73.00040000","quoteQty":"73.00040000","time":1714821738141,"isBuyerMaker":false},{"id":101573625,"price":"1214.0000000000000000","qty":"41.18620000","quoteQty":"41.18620000","time":1714821669125,"isBuyerMaker":false},{"id":101573622,"price":"1214.0000000000000000","qty":"88.85960000","quoteQty":"88.85960000","time":1714821668557,"isBuyerMaker":false},{"id":101573373,"price":"1214.0000000000000000","qty":"164.74470000","quoteQty":"164.16809355","time":1714821529053,"isBuyerMaker":false},{"id":101571998,"price":"1214.0000000000000000","qty":"247.01810000","quoteQty":"246.15353665","time":1714820899886,"isBuyerMaker":false},{"id":101571905,"price":"1210.7000000000000000","qty":"120.91710000","quoteQty":"120.91710000","time":1714820856388,"isBuyerMaker":false},{"id":101571902,"price":"1203.3000000000000000","qty":"120.91710000","quoteQty":"120.91710000","time":1714820855877,"isBuyerMaker":false},{"id":101571007,"price":"1195.8000000000000000","qty":"120.91710000","quoteQty":"120.91710000","time":1714820492257,"isBuyerMaker":false},{"id":101570993,"price":"1188.4000000000000000","qty":"120.91710000","quoteQty":"120.91710000","time":1714820491533,"isBuyerMaker":false},{"id":101570980,"price":"1188.0000000000000000","qty":"73.00040000","quoteQty":"73.00040000","time":1714820491119,"isBuyerMaker":false},{"id":101570028,"price":"1180.9000000000000000","qty":"120.91710000","quoteQty":"120.91710000","time":1714820302360,"isBuyerMaker":false},{"id":101567573,"price":"1169.0000000000000000","qty":"412.82570000","quoteQty":"412.82570000","time":1714819456444,"isBuyerMaker":false},{"id":101567572,"price":"1169.2000000000000000","qty":"330.17690000","quoteQty":"330.17690000","time":1714819455961,"isBuyerMaker":false},{"id":101567570,"price":"1173.5000000000000000","qty":"120.91710000","quoteQty":"120.91710000","time":1714819454757,"isBuyerMaker":false},{"id":101567449,"price":"1166.0000000000000000","qty":"120.91710000","quoteQty":"120.91710000","time":1714819354121,"isBuyerMaker":false},{"id":101567056,"price":"1158.6000000000000000","qty":"51.78670000","quoteQty":"51.78670000","time":1714819096062,"isBuyerMaker":false},{"id":101567053,"price":"1165.0000000000000000","qty":"51.00000000","quoteQty":"51.00000000","time":1714819095138,"isBuyerMaker":false},{"id":101566447,"price":"1158.6000000000000000","qty":"120.91710000","quoteQty":"120.91710000","time":1714818714698,"isBuyerMaker":false},{"id":101566248,"price":"1147.1000000000000000","qty":"87.17640000","quoteQty":"87.17640000","time":1714818633147,"isBuyerMaker":false},{"id":101564008,"price":"1147.1000000000000000","qty":"1927.00000000","quoteQty":"1927.00000000","time":1714817207945,"isBuyerMaker":false},{"id":101562538,"price":"1144.0000000000000000","qty":"436.95800000","quoteQty":"498880.19209600","time":1714816220673,"isBuyerMaker":true},{"id":101562537,"price":"1143.7000000000000000","qty":"8.81540000","quoteQty":"10062.00863404","time":1714816220231,"isBuyerMaker":true},{"id":101558810,"price":"1154.1000000000000000","qty":"866.47600000","quoteQty":"999999.95160000","time":1714813877515,"isBuyerMaker":true},{"id":101554020,"price":"1154.1000000000000000","qty":"51.75040000","quoteQty":"51.75040000","time":1714810745792,"isBuyerMaker":false},{"id":101550199,"price":"1146.2000000000000000","qty":"2030.92650000","quoteQty":"2327847.95430000","time":1714808125497,"isBuyerMaker":true},{"id":101548040,"price":"1151.1000000000000000","qty":"120.91710000","quoteQty":"120.91710000","time":1714806725614,"isBuyerMaker":false},{"id":101548025,"price":"1143.7000000000000000","qty":"61.20490000","quoteQty":"69755.04397554","time":1714806704616,"isBuyerMaker":true},{"id":101547545,"price":"1143.7000000000000000","qty":"120.91710000","quoteQty":"120.91710000","time":1714806410919,"isBuyerMaker":false},{"id":101547544,"price":"1146.6000000000000000","qty":"51.75040000","quoteQty":"51.75040000","time":1714806410624,"isBuyerMaker":false},{"id":101545800,"price":"1136.2000000000000000","qty":"74.20490000","quoteQty":"74.20490000","time":1714805242597,"isBuyerMaker":false},{"id":101545799,"price":"1139.1000000000000000","qty":"51.75040000","quoteQty":"51.75040000","time":1714805242391,"isBuyerMaker":false},{"id":101545787,"price":"1136.2000000000000000","qty":"120.91710000","quoteQty":"136905.15798843","time":1714805231486,"isBuyerMaker":true},{"id":101545328,"price":"1139.1000000000000000","qty":"51.75040000","quoteQty":"58948.88064000","time":1714804932614,"isBuyerMaker":true},{"id":101545261,"price":"1140.8000000000000000","qty":"414.19260000","quoteQty":"472510.91808000","time":1714804889774,"isBuyerMaker":true},{"id":101544805,"price":"1141.9000000000000000","qty":"4378.66720000","quoteQty":"5000000.07568000","time":1714804648948,"isBuyerMaker":true},{"id":101544708,"price":"1146.6000000000000000","qty":"51.75040000","quoteQty":"59337.00864000","time":1714804597020,"isBuyerMaker":true},{"id":101544706,"price":"1143.7000000000000000","qty":"120.91710000","quoteQty":"138292.88727000","time":1714804595763,"isBuyerMaker":true},{"id":101544398,"price":"1151.1000000000000000","qty":"195.76810000","quoteQty":"225348.65991000","time":1714804393073,"isBuyerMaker":true},{"id":101544394,"price":"1151.1000000000000000","qty":"120.91710000","quoteQty":"139187.67381000","time":1714804392798,"isBuyerMaker":true},{"id":101543788,"price":"1154.1000000000000000","qty":"51.75040000","quoteQty":"59725.13664000","time":1714804001140,"isBuyerMaker":true},{"id":101543787,"price":"1158.6000000000000000","qty":"120.91710000","quoteQty":"140094.55206000","time":1714804000904,"isBuyerMaker":true},{"id":101543786,"price":"1161.6000000000000000","qty":"51.75040000","quoteQty":"60113.26464000","time":1714804000645,"isBuyerMaker":true},{"id":101543720,"price":"1166.0000000000000000","qty":"120.91710000","quoteQty":"140989.33860000","time":1714803961420,"isBuyerMaker":true},{"id":101543686,"price":"1151.1000000000000000","qty":"51.75040000","quoteQty":"51.56927360","time":1714803947152,"isBuyerMaker":false},{"id":101543685,"price":"1154.1000000000000000","qty":"51.75040000","quoteQty":"51.56927360","time":1714803946996,"isBuyerMaker":false},{"id":101543684,"price":"1175.8000000000000000","qty":"606.93470000","quoteQty":"604.81042855","time":1714803946758,"isBuyerMaker":false},{"id":101543683,"price":"1173.5000000000000000","qty":"120.91710000","quoteQty":"120.49389015","time":1714803946598,"isBuyerMaker":false},{"id":101543682,"price":"1169.0000000000000000","qty":"51.75040000","quoteQty":"51.56927360","time":1714803946415,"isBuyerMaker":false},{"id":101543658,"price":"1151.1000000000000000","qty":"69.16670000","quoteQty":"79458.55279326","time":1714803934750,"isBuyerMaker":true},{"id":101543648,"price":"1151.1000000000000000","qty":"51.75040000","quoteQty":"59450.74566912","time":1714803927273,"isBuyerMaker":true},{"id":101543643,"price":"1166.0000000000000000","qty":"51.00000000","quoteQty":"59466.00000000","time":1714803920807,"isBuyerMaker":true},{"id":101543640,"price":"1154.1000000000000000","qty":"51.75040000","quoteQty":"59725.13664000","time":1714803920419,"isBuyerMaker":true},{"id":101542724,"price":"1166.0000000000000000","qty":"166.31270000","quoteQty":"193920.60820000","time":1714803344521,"isBuyerMaker":true},{"id":101542723,"price":"1146.6000000000000000","qty":"51.75040000","quoteQty":"59337.00864000","time":1714803344296,"isBuyerMaker":true},{"id":101542703,"price":"1166.0000000000000000","qty":"120.91710000","quoteQty":"120.49389015","time":1714803337607,"isBuyerMaker":false},{"id":101541948,"price":"1160.0000000000000000","qty":"525.00000000","quoteQty":"525.00000000","time":1714802871858,"isBuyerMaker":false},{"id":101541943,"price":"1161.6000000000000000","qty":"51.75040000","quoteQty":"51.75040000","time":1714802871105,"isBuyerMaker":false},{"id":101541844,"price":"1158.6000000000000000","qty":"316.03630000","quoteQty":"316.03630000","time":1714802800259,"isBuyerMaker":false},{"id":101541711,"price":"1158.6000000000000000","qty":"120.91710000","quoteQty":"120.91710000","time":1714802710815,"isBuyerMaker":false},{"id":101539184,"price":"1140.0000000000000000","qty":"1843.49560000","quoteQty":"2101584.98400000","time":1714800788255,"isBuyerMaker":true},{"id":101536374,"price":"1148.0000000000000000","qty":"871.08020000","quoteQty":"1000000.06960000","time":1714798864640,"isBuyerMaker":true},{"id":101534399,"price":"1148.0000000000000000","qty":"317.08270000","quoteQty":"364010.93960000","time":1714797530551,"isBuyerMaker":true},{"id":101528962,"price":"1151.1000000000000000","qty":"120.91710000","quoteQty":"120.91710000","time":1714794231209,"isBuyerMaker":false},{"id":101526743,"price":"1143.7000000000000000","qty":"120.91710000","quoteQty":"120.91710000","time":1714793162736,"isBuyerMaker":false},{"id":101526013,"price":"1136.2000000000000000","qty":"120.91710000","quoteQty":"120.91710000","time":1714792663341,"isBuyerMaker":false},{"id":101525086,"price":"1129.1000000000000000","qty":"1532.62080000","quoteQty":"1529.55555840","time":1714791949440,"isBuyerMaker":false},{"id":101525053,"price":"1129.1000000000000000","qty":"53.13960000","quoteQty":"52.95361140","time":1714791936210,"isBuyerMaker":false},{"id":101524327,"price":"1129.0000000000000000","qty":"899.18040000","quoteQty":"896.03326860","time":1714791313610,"isBuyerMaker":false},{"id":101524326,"price":"1129.1000000000000000","qty":"387.97780000","quoteQty":"386.61987770","time":1714791312997,"isBuyerMaker":false},{"id":101517282,"price":"1131.7000000000000000","qty":"51.75040000","quoteQty":"51.75040000","time":1714786523591,"isBuyerMaker":false},{"id":101517277,"price":"1124.2000000000000000","qty":"51.75040000","quoteQty":"51.75040000","time":1714786522926,"isBuyerMaker":false},{"id":101517233,"price":"1140.3000000000000000","qty":"876.96220000","quoteQty":"999999.99666000","time":1714786487628,"isBuyerMaker":true},{"id":101517232,"price":"1124.2000000000000000","qty":"51.75040000","quoteQty":"58177.79968000","time":1714786487083,"isBuyerMaker":true},{"id":101517110,"price":"1150.3000000000000000","qty":"869.33840000","quoteQty":"999999.96152000","time":1714786381124,"isBuyerMaker":true},{"id":101517109,"price":"1131.7000000000000000","qty":"51.75040000","quoteQty":"58565.92768000","time":1714786380423,"isBuyerMaker":true},{"id":101516706,"price":"1147.0000000000000000","qty":"51.00000000","quoteQty":"50.82150000","time":1714786109158,"isBuyerMaker":false},{"id":101516225,"price":"1146.6000000000000000","qty":"51.75040000","quoteQty":"51.75040000","time":1714785742359,"isBuyerMaker":false},{"id":101515115,"price":"1139.1000000000000000","qty":"51.75040000","quoteQty":"58948.88064000","time":1714784910857,"isBuyerMaker":true},{"id":101514230,"price":"1146.6000000000000000","qty":"51.75040000","quoteQty":"51.75040000","time":1714784136063,"isBuyerMaker":false},{"id":101513938,"price":"1146.6000000000000000","qty":"51.75040000","quoteQty":"59337.00864000","time":1714783929879,"isBuyerMaker":true},{"id":101513493,"price":"1154.1000000000000000","qty":"51.75040000","quoteQty":"51.75040000","time":1714783644538,"isBuyerMaker":false},{"id":101513086,"price":"1146.6000000000000000","qty":"51.75040000","quoteQty":"51.75040000","time":1714783372507,"isBuyerMaker":false},{"id":101513084,"price":"1139.1000000000000000","qty":"51.75040000","quoteQty":"51.75040000","time":1714783372300,"isBuyerMaker":false},{"id":101513068,"price":"1160.3000000000000000","qty":"473.75320000","quoteQty":"472.80569360","time":1714783360505,"isBuyerMaker":false},{"id":101513067,"price":"1159.0000000000000000","qty":"108.36670000","quoteQty":"108.14996660","time":1714783360226,"isBuyerMaker":false},{"id":101513066,"price":"1160.0000000000000000","qty":"73.00040000","quoteQty":"72.85439920","time":1714783359941,"isBuyerMaker":false},{"id":101507688,"price":"1122.1000000000000000","qty":"1798.36080000","quoteQty":"1798.36080000","time":1714779133171,"isBuyerMaker":false},{"id":101507687,"price":"1132.0000000000000000","qty":"73.00040000","quoteQty":"73.00040000","time":1714779132136,"isBuyerMaker":false},{"id":101503291,"price":"1076.0000000000000000","qty":"27692.59660000","quoteQty":"27692.59660000","time":1714776085053,"isBuyerMaker":false},{"id":101503290,"price":"1104.0000000000000000","qty":"73.00040000","quoteQty":"73.00040000","time":1714776084828,"isBuyerMaker":false},{"id":101490783,"price":"1076.0000000000000000","qty":"73.00040000","quoteQty":"73.00040000","time":1714767987385,"isBuyerMaker":false},{"id":101485108,"price":"1045.8000000000000000","qty":"615.00000000","quoteQty":"615.00000000","time":1714764954825,"isBuyerMaker":false},{"id":101485107,"price":"1048.0000000000000000","qty":"73.00040000","quoteQty":"73.00040000","time":1714764954670,"isBuyerMaker":false},{"id":101464988,"price":"1020.0000000000000000","qty":"1993.80000000","quoteQty":"1993.80000000","time":1714752457585,"isBuyerMaker":false},{"id":101464871,"price":"1021.5000000000000000","qty":"1957.90510000","quoteQty":"1957.90510000","time":1714752382834,"isBuyerMaker":false},{"id":101456684,"price":"1020.0000000000000000","qty":"73.00040000","quoteQty":"73.00040000","time":1714747227681,"isBuyerMaker":false},{"id":101456385,"price":"1034.3000000000000000","qty":"362.55550000","quoteQty":"374991.15365000","time":1714747017383,"isBuyerMaker":true},{"id":101456384,"price":"992.0000000000000000","qty":"73.00040000","quoteQty":"72416.39680000","time":1714747017127,"isBuyerMaker":true},{"id":101456373,"price":"1034.3000000000000000","qty":"368.59020000","quoteQty":"367.37385234","time":1714747011154,"isBuyerMaker":false},{"id":101456044,"price":"1034.3000000000000000","qty":"91.45980000","quoteQty":"91.17170163","time":1714746809276,"isBuyerMaker":false},{"id":101453690,"price":"1036.4000000000000000","qty":"2180.70820000","quoteQty":"2260085.97848000","time":1714745517190,"isBuyerMaker":true},{"id":101453687,"price":"1009.8000000000000000","qty":"173.11270000","quoteQty":"174809.20446000","time":1714745515852,"isBuyerMaker":true},{"id":101453676,"price":"1036.4000000000000000","qty":"460.05000000","quoteQty":"475937.58752400","time":1714745511426,"isBuyerMaker":true},{"id":101453661,"price":"1036.4000000000000000","qty":"2183.63400000","quoteQty":"2177.95655160","time":1714745502765,"isBuyerMaker":false},{"id":101449692,"price":"1036.4000000000000000","qty":"306.46880000","quoteQty":"305.50342328","time":1714743780439,"isBuyerMaker":false},{"id":101449529,"price":"1020.0000000000000000","qty":"73.00040000","quoteQty":"73.00040000","time":1714743738196,"isBuyerMaker":false},{"id":101449528,"price":"1013.5000000000000000","qty":"616.96030000","quoteQty":"616.96030000","time":1714743737177,"isBuyerMaker":false},{"id":101449468,"price":"1013.5000000000000000","qty":"504.02070000","quoteQty":"502.60944204","time":1714743712077,"isBuyerMaker":false},{"id":101443217,"price":"992.0000000000000000","qty":"73.00040000","quoteQty":"73.00040000","time":1714740390765,"isBuyerMaker":false},{"id":101442734,"price":"970.5000000000000000","qty":"52.63160000","quoteQty":"50900.19141270","time":1714740209954,"isBuyerMaker":true},{"id":101376066,"price":"950.0000000000000000","qty":"3149.68520000","quoteQty":"2992200.94000000","time":1714696299646,"isBuyerMaker":true},{"id":101373285,"price":"947.4000000000000000","qty":"82.42780000","quoteQty":"78092.09772000","time":1714694264579,"isBuyerMaker":true},{"id":101373281,"price":"960.0000000000000000","qty":"2083.33340000","quoteQty":"2000000.06400000","time":1714694263804,"isBuyerMaker":true},{"id":101372809,"price":"965.0000000000000000","qty":"2834.98990000","quoteQty":"2735765.25350000","time":1714693916148,"isBuyerMaker":true},{"id":101372763,"price":"965.0000000000000000","qty":"755.15310000","quoteQty":"728722.74150000","time":1714693874634,"isBuyerMaker":true},{"id":101371322,"price":"965.0000000000000000","qty":"13849.56370000","quoteQty":"13364828.97050000","time":1714692775449,"isBuyerMaker":true},{"id":101370928,"price":"965.0000000000000000","qty":"61.00000000","quoteQty":"58658.97250000","time":1714692499511,"isBuyerMaker":true},{"id":101369075,"price":"974.8000000000000000","qty":"3235.34260000","quoteQty":"3226.28364072","time":1714691096065,"isBuyerMaker":false},{"id":101368897,"price":"970.0000000000000000","qty":"82.46320000","quoteQty":"79989.30400000","time":1714690945308,"isBuyerMaker":true},{"id":101368577,"price":"970.0000000000000000","qty":"250.70750000","quoteQty":"243186.27500000","time":1714690703682,"isBuyerMaker":true},{"id":101361168,"price":"960.0000000000000000","qty":"187.54890000","quoteQty":"180046.94400000","time":1714685280936,"isBuyerMaker":true},{"id":101358716,"price":"955.0000000000000000","qty":"3355.40730000","quoteQty":"3346.01215956","time":1714683504293,"isBuyerMaker":false},{"id":101356322,"price":"955.0000000000000000","qty":"2000.00000000","quoteQty":"1993.80000000","time":1714682018161,"isBuyerMaker":false},{"id":101355840,"price":"950.0000000000000000","qty":"1056.32630000","quoteQty":"1003509.98500000","time":1714681724271,"isBuyerMaker":true},{"id":101354099,"price":"954.0000000000000000","qty":"61.32070000","quoteQty":"58499.94780000","time":1714680481369,"isBuyerMaker":true},{"id":101349903,"price":"950.0000000000000000","qty":"9498.42420000","quoteQty":"9023502.99000000","time":1714677568644,"isBuyerMaker":true},{"id":101348814,"price":"950.0000000000000000","qty":"7343.93460000","quoteQty":"6976737.87000000","time":1714676848949,"isBuyerMaker":true},{"id":101345400,"price":"950.1000000000000000","qty":"1066.23510000","quoteQty":"1013029.96851000","time":1714674665183,"isBuyerMaker":true},{"id":101344093,"price":"950.1000000000000000","qty":"1826.11400000","quoteQty":"1734990.91140000","time":1714673846835,"isBuyerMaker":true},{"id":101318294,"price":"945.7000000000000000","qty":"533.71640000","quoteQty":"533.71640000","time":1714658729707,"isBuyerMaker":false},{"id":101309956,"price":"945.7000000000000000","qty":"287.08290000","quoteQty":"287.08290000","time":1714653859938,"isBuyerMaker":false},{"id":101309261,"price":"945.7000000000000000","qty":"508.20490000","quoteQty":"508.20490000","time":1714653398235,"isBuyerMaker":false},{"id":101309234,"price":"945.7000000000000000","qty":"91.79510000","quoteQty":"86506.78887876","time":1714653387018,"isBuyerMaker":true},{"id":101256446,"price":"964.0000000000000000","qty":"73.00040000","quoteQty":"70372.38560000","time":1714623153197,"isBuyerMaker":true},{"id":101256417,"price":"964.0000000000000000","qty":"73.00040000","quoteQty":"70372.38560000","time":1714623122620,"isBuyerMaker":true},{"id":101213573,"price":"992.0000000000000000","qty":"73.00040000","quoteQty":"73.00040000","time":1714595368723,"isBuyerMaker":false},{"id":101206789,"price":"974.8000000000000000","qty":"74.48860000","quoteQty":"72611.48728000","time":1714592067076,"isBuyerMaker":true},{"id":101206785,"price":"992.0000000000000000","qty":"73.00040000","quoteQty":"72416.39680000","time":1714592066064,"isBuyerMaker":true},{"id":101206782,"price":"992.0000000000000000","qty":"600.00000000","quoteQty":"595200.00000000","time":1714592064641,"isBuyerMaker":true},{"id":101198382,"price":"1020.0000000000000000","qty":"73.00040000","quoteQty":"73.00040000","time":1714588664744,"isBuyerMaker":false},{"id":101193671,"price":"992.0000000000000000","qty":"73.00040000","quoteQty":"73.00040000","time":1714586602419,"isBuyerMaker":false},{"id":101192795,"price":"964.0000000000000000","qty":"170.54540000","quoteQty":"170.54540000","time":1714586132851,"isBuyerMaker":false},{"id":101187364,"price":"964.0000000000000000","qty":"24.25780000","quoteQty":"23384.51920000","time":1714582572320,"isBuyerMaker":true},{"id":101186720,"price":"964.0000000000000000","qty":"73.00040000","quoteQty":"72.74489860","time":1714582165407,"isBuyerMaker":false},{"id":101184096,"price":"936.0000000000000000","qty":"73.00040000","quoteQty":"73.00040000","time":1714580438919,"isBuyerMaker":false},{"id":101183561,"price":"956.2000000000000000","qty":"75.25660000","quoteQty":"75.25660000","time":1714580098024,"isBuyerMaker":false},{"id":101183560,"price":"954.2000000000000000","qty":"118.05280000","quoteQty":"118.05280000","time":1714580097721,"isBuyerMaker":false},{"id":101183559,"price":"952.9000000000000000","qty":"58.94200000","quoteQty":"58.94200000","time":1714580096615,"isBuyerMaker":false},{"id":101183558,"price":"930.5000000000000000","qty":"335.96550000","quoteQty":"335.96550000","time":1714580095902,"isBuyerMaker":false},{"id":101183557,"price":"920.0000000000000000","qty":"1827.86640000","quoteQty":"1827.86640000","time":1714580095536,"isBuyerMaker":false},{"id":101183555,"price":"936.0000000000000000","qty":"73.00040000","quoteQty":"73.00040000","time":1714580094698,"isBuyerMaker":false},{"id":101183425,"price":"920.0000000000000000","qty":"4900.00000000","quoteQty":"4900.00000000","time":1714580007041,"isBuyerMaker":false},{"id":101181471,"price":"908.0000000000000000","qty":"73.00040000","quoteQty":"73.00040000","time":1714578746995,"isBuyerMaker":false},{"id":101174711,"price":"880.0000000000000000","qty":"73.00040000","quoteQty":"73.00040000","time":1714573937675,"isBuyerMaker":false},{"id":101169687,"price":"880.0000000000000000","qty":"73.00040000","quoteQty":"64240.35200000","time":1714570434565,"isBuyerMaker":true},{"id":101169684,"price":"878.0000000000000000","qty":"113.89530000","quoteQty":"100000.07340000","time":1714570433534,"isBuyerMaker":true},{"id":101168812,"price":"890.0000000000000000","qty":"337.07870000","quoteQty":"300000.04300000","time":1714569750202,"isBuyerMaker":true},{"id":101167710,"price":"903.9000000000000000","qty":"3519.30270000","quoteQty":"3506.98514055","time":1714568960618,"isBuyerMaker":false},{"id":101167707,"price":"902.0000000000000000","qty":"4900.00000000","quoteQty":"4882.85000000","time":1714568959799,"isBuyerMaker":false},{"id":101167706,"price":"901.0000000000000000","qty":"707.58870000","quoteQty":"705.11213955","time":1714568958635,"isBuyerMaker":false},{"id":101162054,"price":"908.0000000000000000","qty":"73.00040000","quoteQty":"73.00040000","time":1714565695230,"isBuyerMaker":false},{"id":101156382,"price":"888.0000000000000000","qty":"200.82770000","quoteQty":"178334.99760000","time":1714562025449,"isBuyerMaker":true},{"id":101156305,"price":"890.0000000000000000","qty":"200.37520000","quoteQty":"178333.92800000","time":1714561941228,"isBuyerMaker":true},{"id":101156271,"price":"890.0000000000000000","qty":"133.58310000","quoteQty":"118888.95900000","time":1714561910712,"isBuyerMaker":true},{"id":101156270,"price":"883.0000000000000000","qty":"59.53560000","quoteQty":"52569.93480000","time":1714561910192,"isBuyerMaker":true},{"id":101146761,"price":"890.0000000000000000","qty":"339.74490000","quoteQty":"302372.96100000","time":1714555383683,"isBuyerMaker":true},{"id":101145414,"price":"888.1000000000000000","qty":"75.40900000","quoteQty":"66970.73290000","time":1714554520041,"isBuyerMaker":true},{"id":101145404,"price":"888.1000000000000000","qty":"144.59100000","quoteQty":"144.13553835","time":1714554512213,"isBuyerMaker":false},{"id":101145016,"price":"882.9000000000000000","qty":"1124.12860000","quoteQty":"1120.98103992","time":1714554315868,"isBuyerMaker":false},{"id":101144205,"price":"889.4000000000000000","qty":"99.64420000","quoteQty":"88511.88580514","time":1714553847573,"isBuyerMaker":true},{"id":101143960,"price":"889.4000000000000000","qty":"69.05470000","quoteQty":"68.82681949","time":1714553696271,"isBuyerMaker":false},{"id":101143548,"price":"889.4000000000000000","qty":"220.37350000","quoteQty":"219.60219275","time":1714553503823,"isBuyerMaker":false},{"id":101140463,"price":"862.8000000000000000","qty":"57.95090000","quoteQty":"50000.03652000","time":1714551716268,"isBuyerMaker":true},{"id":101139771,"price":"876.5000000000000000","qty":"57.04510000","quoteQty":"50000.03015000","time":1714551444974,"isBuyerMaker":true},{"id":101139767,"price":"876.6000000000000000","qty":"140.00000000","quoteQty":"122724.00000000","time":1714551444054,"isBuyerMaker":true},{"id":101139700,"price":"877.0000000000000000","qty":"114.02510000","quoteQty":"100000.01270000","time":1714551380495,"isBuyerMaker":true},{"id":101139018,"price":"889.7000000000000000","qty":"570.28060000","quoteQty":"568.39867402","time":1714551111399,"isBuyerMaker":false},{"id":101138081,"price":"892.0000000000000000","qty":"100.00000000","quoteQty":"99.65000000","time":1714550882408,"isBuyerMaker":false},{"id":101132012,"price":"880.0000000000000000","qty":"73.00040000","quoteQty":"64240.35200000","time":1714548330916,"isBuyerMaker":true},{"id":101128649,"price":"884.8000000000000000","qty":"4900.00000000","quoteQty":"4335520.00000000","time":1714547370086,"isBuyerMaker":true},{"id":101127043,"price":"908.0000000000000000","qty":"73.00040000","quoteQty":"66284.36320000","time":1714546811251,"isBuyerMaker":true},{"id":101126904,"price":"911.0000000000000000","qty":"54.88480000","quoteQty":"50000.05280000","time":1714546708638,"isBuyerMaker":true},{"id":101126838,"price":"912.0000000000000000","qty":"54.82460000","quoteQty":"50000.03520000","time":1714546661015,"isBuyerMaker":true},{"id":101124986,"price":"936.0000000000000000","qty":"73.00040000","quoteQty":"68328.37440000","time":1714545583424,"isBuyerMaker":true},{"id":101124932,"price":"936.1000000000000000","qty":"102.54990000","quoteQty":"95996.96139000","time":1714545540459,"isBuyerMaker":true},{"id":101124930,"price":"936.0000000000000000","qty":"73.00040000","quoteQty":"68328.37440000","time":1714545540014,"isBuyerMaker":true},{"id":101123018,"price":"964.0000000000000000","qty":"73.00040000","quoteQty":"70372.38560000","time":1714544274280,"isBuyerMaker":true},{"id":101122916,"price":"992.0000000000000000","qty":"73.00040000","quoteQty":"72416.39680000","time":1714544201019,"isBuyerMaker":true},{"id":101122043,"price":"1015.7000000000000000","qty":"140.00000000","quoteQty":"139.51000000","time":1714543605563,"isBuyerMaker":false},{"id":101106033,"price":"1000.7000000000000000","qty":"587.15280000","quoteQty":"585624.84639703","time":1714531236279,"isBuyerMaker":true},{"id":101095351,"price":"1020.0000000000000000","qty":"73.00040000","quoteQty":"74460.40800000","time":1714523503965,"isBuyerMaker":true},{"id":101094280,"price":"1022.9000000000000000","qty":"97.76120000","quoteQty":"99999.93148000","time":1714522727611,"isBuyerMaker":true},{"id":101086354,"price":"1048.0000000000000000","qty":"73.00040000","quoteQty":"73.00040000","time":1714516350424,"isBuyerMaker":false},{"id":101074411,"price":"1020.0000000000000000","qty":"73.00040000","quoteQty":"73.00040000","time":1714507643877,"isBuyerMaker":false},{"id":101073381,"price":"992.0000000000000000","qty":"3191.18760000","quoteQty":"3191.18760000","time":1714507110379,"isBuyerMaker":false},{"id":101073356,"price":"992.0000000000000000","qty":"73.00040000","quoteQty":"72162.93941120","time":1714507094780,"isBuyerMaker":true},{"id":101053196,"price":"1007.1000000000000000","qty":"291.92730000","quoteQty":"290.90555445","time":1714493681834,"isBuyerMaker":false},{"id":101052848,"price":"995.0000000000000000","qty":"110.00000000","quoteQty":"109450.00000000","time":1714493552916,"isBuyerMaker":true},{"id":101052319,"price":"1000.0000000000000000","qty":"50.00000000","quoteQty":"50000.00000000","time":1714493259848,"isBuyerMaker":true},{"id":101051273,"price":"1020.0000000000000000","qty":"784.50880000","quoteQty":"800198.97600000","time":1714492569122,"isBuyerMaker":true},{"id":101049463,"price":"1020.0000000000000000","qty":"73.00040000","quoteQty":"74460.40800000","time":1714491431889,"isBuyerMaker":true},{"id":101047126,"price":"1048.0000000000000000","qty":"954.19850000","quoteQty":"1000000.02800000","time":1714489854342,"isBuyerMaker":true},{"id":101047125,"price":"1032.1000000000000000","qty":"191.52630000","quoteQty":"197674.29423000","time":1714489854051,"isBuyerMaker":true},{"id":101047123,"price":"1033.2000000000000000","qty":"110.45350000","quoteQty":"114120.55620000","time":1714489853677,"isBuyerMaker":true},{"id":101037566,"price":"1048.0000000000000000","qty":"73.00040000","quoteQty":"76504.41920000","time":1714483164164,"isBuyerMaker":true},{"id":101029020,"price":"1076.0000000000000000","qty":"73.00040000","quoteQty":"78548.43040000","time":1714478975179,"isBuyerMaker":true},{"id":101028963,"price":"1076.0000000000000000","qty":"73.00040000","quoteQty":"78548.43040000","time":1714478944083,"isBuyerMaker":true},{"id":101008602,"price":"1104.0000000000000000","qty":"73.00040000","quoteQty":"80592.44160000","time":1714467293600,"isBuyerMaker":true},{"id":100996801,"price":"1132.0000000000000000","qty":"73.00040000","quoteQty":"73.00040000","time":1714460331348,"isBuyerMaker":false},{"id":100985090,"price":"1101.2000000000000000","qty":"908.10030000","quoteQty":"904.92194895","time":1714451714772,"isBuyerMaker":false},{"id":100984985,"price":"1101.2000000000000000","qty":"908.10030000","quoteQty":"904.92194895","time":1714451624148,"isBuyerMaker":false},{"id":100983708,"price":"1104.0000000000000000","qty":"73.00040000","quoteQty":"80592.44160000","time":1714450642613,"isBuyerMaker":true},{"id":100978306,"price":"1132.0000000000000000","qty":"73.00040000","quoteQty":"82636.45280000","time":1714446039216,"isBuyerMaker":true},{"id":100967370,"price":"1160.0000000000000000","qty":"73.00040000","quoteQty":"73.00040000","time":1714438421432,"isBuyerMaker":false},{"id":100955840,"price":"1132.0000000000000000","qty":"73.00040000","quoteQty":"73.00040000","time":1714430050796,"isBuyerMaker":false},{"id":100943924,"price":"1104.0000000000000000","qty":"73.00040000","quoteQty":"73.00040000","time":1714421541348,"isBuyerMaker":false},{"id":100928098,"price":"1075.6000000000000000","qty":"283.92390000","quoteQty":"283.92390000","time":1714409778749,"isBuyerMaker":false},{"id":100928038,"price":"1075.6000000000000000","qty":"423.45480000","quoteQty":"423.45480000","time":1714409736025,"isBuyerMaker":false},{"id":100922353,"price":"1075.6000000000000000","qty":"47.00000000","quoteQty":"50393.95742000","time":1714405650425,"isBuyerMaker":true},{"id":100908810,"price":"1079.2000000000000000","qty":"2677.36520000","quoteQty":"2880310.87438990","time":1714396292146,"isBuyerMaker":true},{"id":100905956,"price":"1076.0000000000000000","qty":"73.00040000","quoteQty":"73.00040000","time":1714394380394,"isBuyerMaker":false},{"id":100889178,"price":"1048.2000000000000000","qty":"90.00000000","quoteQty":"94040.83530000","time":1714382343072,"isBuyerMaker":true},{"id":100887671,"price":"1062.3000000000000000","qty":"383.93970000","quoteQty":"382.59591105","time":1714381285598,"isBuyerMaker":false},{"id":100887670,"price":"1060.8000000000000000","qty":"80.26090000","quoteQty":"79.97998685","time":1714381285098,"isBuyerMaker":false},{"id":100872895,"price":"1048.0000000000000000","qty":"73.00040000","quoteQty":"76504.41920000","time":1714372479749,"isBuyerMaker":true},{"id":100872257,"price":"1052.9000000000000000","qty":"174.52460000","quoteQty":"183756.95134000","time":1714372258805,"isBuyerMaker":true},{"id":100855498,"price":"1079.0000000000000000","qty":"46.33930000","quoteQty":"50000.10470000","time":1714360417247,"isBuyerMaker":true},{"id":100855495,"price":"1078.0000000000000000","qty":"46.38220000","quoteQty":"50000.01160000","time":1714360415090,"isBuyerMaker":true},{"id":100855494,"price":"1077.0000000000000000","qty":"46.42530000","quoteQty":"50000.04810000","time":1714360414466,"isBuyerMaker":true},{"id":100855493,"price":"1076.0000000000000000","qty":"46.46850000","quoteQty":"50000.10600000","time":1714360414169,"isBuyerMaker":true},{"id":100855492,"price":"1076.0000000000000000","qty":"73.00040000","quoteQty":"78548.43040000","time":1714360413237,"isBuyerMaker":true},{"id":100849109,"price":"1119.7000000000000000","qty":"118514.74740000","quoteQty":"118182.90610728","time":1714355683323,"isBuyerMaker":false},{"id":100849107,"price":"1111.9000000000000000","qty":"240.40530000","quoteQty":"239.73216516","time":1714355683069,"isBuyerMaker":false},{"id":100847150,"price":"1104.0000000000000000","qty":"73.00040000","quoteQty":"80592.44160000","time":1714353922821,"isBuyerMaker":true},{"id":100827418,"price":"1118.6000000000000000","qty":"356.00000000","quoteQty":"396827.82440000","time":1714339538660,"isBuyerMaker":true},{"id":100824989,"price":"1133.0000000000000000","qty":"847.30810000","quoteQty":"844.93563732","time":1714337625568,"isBuyerMaker":false},{"id":100822006,"price":"1118.1000000000000000","qty":"107.32500000","quoteQty":"120000.08250000","time":1714335503905,"isBuyerMaker":true},{"id":100822004,"price":"1118.1000000000000000","qty":"424.77500000","quoteQty":"474940.92750000","time":1714335503244,"isBuyerMaker":true},{"id":100821064,"price":"1127.1000000000000000","qty":"69.12050000","quoteQty":"68.87857825","time":1714334821479,"isBuyerMaker":false},{"id":100814732,"price":"1157.4000000000000000","qty":"80.00000000","quoteQty":"79.72000000","time":1714330477698,"isBuyerMaker":false},{"id":100811808,"price":"1135.7000000000000000","qty":"73.00040000","quoteQty":"82740.74117144","time":1714328755423,"isBuyerMaker":true},{"id":100811796,"price":"1132.0000000000000000","qty":"73.00040000","quoteQty":"73.00040000","time":1714328749581,"isBuyerMaker":false},{"id":100789340,"price":"1118.1000000000000000","qty":"88.20490000","quoteQty":"98621.89869000","time":1714312389984,"isBuyerMaker":true},{"id":100789318,"price":"1118.1000000000000000","qty":"180.00000000","quoteQty":"179.37000000","time":1714312374819,"isBuyerMaker":false},{"id":100781376,"price":"1097.5000000000000000","qty":"592.04920000","quoteQty":"590.18424502","time":1714306637736,"isBuyerMaker":false},{"id":100776275,"price":"1079.2000000000000000","qty":"46.33070000","quoteQty":"46.16854255","time":1714303463566,"isBuyerMaker":false},{"id":100726745,"price":"1118.1000000000000000","qty":"6422.32550000","quoteQty":"6404.34298860","time":1714273530575,"isBuyerMaker":false},{"id":100726744,"price":"1110.3000000000000000","qty":"749.67790000","quoteQty":"747.57880188","time":1714273530216,"isBuyerMaker":false},{"id":100726741,"price":"1107.7000000000000000","qty":"52.12510000","quoteQty":"51.97914972","time":1714273530002,"isBuyerMaker":false},{"id":100726739,"price":"1106.3000000000000000","qty":"55.52000000","quoteQty":"55.36454400","time":1714273529746,"isBuyerMaker":false},{"id":100726738,"price":"1104.0000000000000000","qty":"73.00040000","quoteQty":"72.79599888","time":1714273528476,"isBuyerMaker":false},{"id":100695909,"price":"1058.3000000000000000","qty":"50.00000000","quoteQty":"52729.79750000","time":1714252244654,"isBuyerMaker":true},{"id":100681708,"price":"1058.4000000000000000","qty":"184.32390000","quoteQty":"194405.60630484","time":1714243316160,"isBuyerMaker":true},{"id":100676533,"price":"1076.0000000000000000","qty":"73.00040000","quoteQty":"73.00040000","time":1714240819179,"isBuyerMaker":false},{"id":100659717,"price":"1055.0000000000000000","qty":"367.27770000","quoteQty":"387477.97350000","time":1714231936155,"isBuyerMaker":true},{"id":100659500,"price":"1063.2000000000000000","qty":"471.21230000","quoteQty":"469.56305695","time":1714231799806,"isBuyerMaker":false},{"id":100646104,"price":"1061.7000000000000000","qty":"941.88570000","quoteQty":"938.96585433","time":1714223728237,"isBuyerMaker":false},{"id":100645927,"price":"1061.7000000000000000","qty":"54.62930000","quoteQty":"54.43809745","time":1714223549952,"isBuyerMaker":false},{"id":100640492,"price":"1048.0000000000000000","qty":"80.88700000","quoteQty":"80.88700000","time":1714220014079,"isBuyerMaker":false},{"id":100637399,"price":"1020.0000000000000000","qty":"0.11300000","quoteQty":"0.11300000","time":1714217978057,"isBuyerMaker":false},{"id":100635027,"price":"1019.2000000000000000","qty":"963.96150000","quoteQty":"979030.91733720","time":1714216643261,"isBuyerMaker":true},{"id":100634642,"price":"1004.7000000000000000","qty":"650.00000000","quoteQty":"650997.87675000","time":1714216451592,"isBuyerMaker":true},{"id":100634636,"price":"1004.7000000000000000","qty":"298.04420000","quoteQty":"298846.11772452","time":1714216447089,"isBuyerMaker":true},{"id":100634633,"price":"1014.0000000000000000","qty":"0.01690000","quoteQty":"17.10232680","time":1714216446140,"isBuyerMaker":true},{"id":100634618,"price":"1014.0000000000000000","qty":"2939.00000000","quoteQty":"2970758.54010000","time":1714216439256,"isBuyerMaker":true},{"id":100634581,"price":"1020.0000000000000000","qty":"80.88700000","quoteQty":"82244.85006900","time":1714216425863,"isBuyerMaker":true},{"id":100630770,"price":"1020.8000000000000000","qty":"400.81760000","quoteQty":"407722.56495872","time":1714214843349,"isBuyerMaker":true},{"id":100627554,"price":"1025.8000000000000000","qty":"8250.13820000","quoteQty":"8250.13820000","time":1714213301997,"isBuyerMaker":false},{"id":100627553,"price":"1043.3000000000000000","qty":"6439.86170000","quoteQty":"6439.86170000","time":1714213301749,"isBuyerMaker":false},{"id":100627350,"price":"1025.8000000000000000","qty":"17459.86180000","quoteQty":"17459.86180000","time":1714213244680,"isBuyerMaker":false},{"id":100627317,"price":"1025.8000000000000000","qty":"11400.00000000","quoteQty":"11670965.64240000","time":1714213230968,"isBuyerMaker":true},{"id":100618919,"price":"1037.3000000000000000","qty":"964.04120000","quoteQty":"996499.93698134","time":1714208516869,"isBuyerMaker":true},{"id":100616418,"price":"1048.1000000000000000","qty":"73.13130000","quoteQty":"76648.91553000","time":1714206946842,"isBuyerMaker":true},{"id":100603567,"price":"1050.0000000000000000","qty":"50.00000000","quoteQty":"50.00000000","time":1714200148602,"isBuyerMaker":false},{"id":100602046,"price":"1037.1000000000000000","qty":"63577.65380000","quoteQty":"65778137.43256565","time":1714199524903,"isBuyerMaker":true},{"id":100602045,"price":"1044.8000000000000000","qty":"6165.93180000","quoteQty":"6426704.34733286","time":1714199524464,"isBuyerMaker":true},{"id":100602043,"price":"1046.9000000000000000","qty":"7330.00000000","quoteQty":"7655359.93520000","time":1714199523883,"isBuyerMaker":true},{"id":100602041,"price":"1048.1000000000000000","qty":"12227.70490000","quoteQty":"12785099.44767634","time":1714199523461,"isBuyerMaker":true},{"id":100602037,"price":"1048.0000000000000000","qty":"80.88700000","quoteQty":"84566.12901760","time":1714199523030,"isBuyerMaker":true},{"id":100601170,"price":"1059.0000000000000000","qty":"142.85260000","quoteQty":"151280.90340000","time":1714199112993,"isBuyerMaker":true},{"id":100593489,"price":"1067.0000000000000000","qty":"4561.67380000","quoteQty":"4867305.94460000","time":1714194649129,"isBuyerMaker":true},{"id":100593159,"price":"1080.6000000000000000","qty":"184.97130000","quoteQty":"184.32390045","time":1714194418570,"isBuyerMaker":false},{"id":100565602,"price":"1062.5000000000000000","qty":"11380.17180000","quoteQty":"12091432.53750000","time":1714179876005,"isBuyerMaker":true},{"id":100565586,"price":"1065.5000000000000000","qty":"25900.00000000","quoteQty":"27596450.00000000","time":1714179874341,"isBuyerMaker":true},{"id":100565539,"price":"1062.5000000000000000","qty":"47.61520000","quoteQty":"50591.15000000","time":1714179871518,"isBuyerMaker":true},{"id":100564907,"price":"1076.0000000000000000","qty":"816.06440000","quoteQty":"816.06440000","time":1714179569155,"isBuyerMaker":false},{"id":100564629,"price":"1076.0000000000000000","qty":"1027.23560000","quoteQty":"1105305.50560000","time":1714179367324,"isBuyerMaker":true},{"id":100564348,"price":"1076.0000000000000000","qty":"9074.00610000","quoteQty":"9763630.56360000","time":1714179114525,"isBuyerMaker":true},{"id":100563556,"price":"1076.0000000000000000","qty":"12912.23130000","quoteQty":"13893560.87880000","time":1714178694904,"isBuyerMaker":true},{"id":100563548,"price":"1076.0000000000000000","qty":"27.03100000","quoteQty":"29085.35600000","time":1714178692832,"isBuyerMaker":true},{"id":100563337,"price":"1076.0000000000000000","qty":"53.85600000","quoteQty":"57949.05600000","time":1714178629791,"isBuyerMaker":true},{"id":100563029,"price":"1082.3000000000000000","qty":"47.61520000","quoteQty":"51533.93096000","time":1714178537200,"isBuyerMaker":true},{"id":100549726,"price":"1102.0000000000000000","qty":"1451.90560000","quoteQty":"1599999.97120000","time":1714170373570,"isBuyerMaker":true},{"id":100549654,"price":"1103.3000000000000000","qty":"818.76640000","quoteQty":"903344.96912000","time":1714170328379,"isBuyerMaker":true},{"id":100539239,"price":"1120.0000000000000000","qty":"620.68620000","quoteQty":"695168.54400000","time":1714163613668,"isBuyerMaker":true},{"id":100539142,"price":"1120.0000000000000000","qty":"10727.83170000","quoteQty":"12015171.50400000","time":1714163557467,"isBuyerMaker":true},{"id":100539009,"price":"1120.0000000000000000","qty":"25821.35620000","quoteQty":"28919918.94400000","time":1714163486785,"isBuyerMaker":true},{"id":100538450,"price":"1120.4000000000000000","qty":"44.62700000","quoteQty":"44.48642495","time":1714163152068,"isBuyerMaker":false},{"id":100537105,"price":"1102.0000000000000000","qty":"46.00000000","quoteQty":"50514.57800000","time":1714162255690,"isBuyerMaker":true},{"id":100518203,"price":"1090.8000000000000000","qty":"413.11680000","quoteQty":"449140.73368205","time":1714151095428,"isBuyerMaker":true},{"id":100517429,"price":"1104.0000000000000000","qty":"83.30340000","quoteQty":"91966.95360000","time":1714150659270,"isBuyerMaker":true},{"id":100506132,"price":"1104.0000000000000000","qty":"80.88700000","quoteQty":"89299.24800000","time":1714143988010,"isBuyerMaker":true},{"id":100504549,"price":"1132.0000000000000000","qty":"16046.40810000","quoteQty":"16046.40810000","time":1714143174058,"isBuyerMaker":false},{"id":100503783,"price":"1132.0000000000000000","qty":"80.88700000","quoteQty":"91344.33019840","time":1714142784113,"isBuyerMaker":true},{"id":100503691,"price":"1140.0000000000000000","qty":"150.00000000","quoteQty":"170589.60000000","time":1714142719042,"isBuyerMaker":true},{"id":100503647,"price":"1160.0000000000000000","qty":"80.88700000","quoteQty":"93828.92000000","time":1714142681867,"isBuyerMaker":true},{"id":100503458,"price":"1150.8000000000000000","qty":"673.27490000","quoteQty":"673.27490000","time":1714142529463,"isBuyerMaker":false},{"id":100503456,"price":"1188.0000000000000000","qty":"80.88700000","quoteQty":"80.88700000","time":1714142526933,"isBuyerMaker":false},{"id":100503453,"price":"1149.2000000000000000","qty":"673.27490000","quoteQty":"771870.56904381","time":1714142523086,"isBuyerMaker":true},{"id":100503428,"price":"1150.8000000000000000","qty":"82.42780000","quoteQty":"94630.25325062","time":1714142495474,"isBuyerMaker":true},{"id":100503359,"price":"1160.0000000000000000","qty":"82.42780000","quoteQty":"82.42780000","time":1714142430437,"isBuyerMaker":false},{"id":100503280,"price":"1160.0000000000000000","qty":"80.88700000","quoteQty":"93603.73059200","time":1714142361367,"isBuyerMaker":true},{"id":100501300,"price":"1208.8000000000000000","qty":"1416.66670000","quoteQty":"1706473.07348564","time":1714141198543,"isBuyerMaker":true},{"id":100500254,"price":"1200.0000000000000000","qty":"398.17490000","quoteQty":"398.17490000","time":1714140517458,"isBuyerMaker":false},{"id":100500253,"price":"1216.0000000000000000","qty":"80.88700000","quoteQty":"80.88700000","time":1714140517009,"isBuyerMaker":false},{"id":100499147,"price":"1188.0000000000000000","qty":"80.88700000","quoteQty":"80.88700000","time":1714140152653,"isBuyerMaker":false},{"id":100490663,"price":"1123.2000000000000000","qty":"400.00000000","quoteQty":"447707.52000000","time":1714136013549,"isBuyerMaker":true},{"id":100427654,"price":"1132.0000000000000000","qty":"80.88700000","quoteQty":"80.88700000","time":1714097665823,"isBuyerMaker":false},{"id":100424525,"price":"1102.2000000000000000","qty":"47.61520000","quoteQty":"47.61520000","time":1714095633501,"isBuyerMaker":false},{"id":100420807,"price":"1102.2000000000000000","qty":"47.61520000","quoteQty":"52481.47344000","time":1714093585492,"isBuyerMaker":true},{"id":100420692,"price":"1104.0000000000000000","qty":"80.88700000","quoteQty":"89299.24800000","time":1714093537195,"isBuyerMaker":true},{"id":100415924,"price":"1129.0000000000000000","qty":"61.37200000","quoteQty":"69288.98800000","time":1714091063791,"isBuyerMaker":true},{"id":100405154,"price":"1157.9000000000000000","qty":"358.00000000","quoteQty":"356.74700000","time":1714084585442,"isBuyerMaker":false},{"id":100397996,"price":"1158.4000000000000000","qty":"2503.24870000","quoteQty":"2893963.76749184","time":1714080135798,"isBuyerMaker":true},{"id":100396921,"price":"1158.5000000000000000","qty":"289.53180000","quoteQty":"289.53180000","time":1714079756407,"isBuyerMaker":false},{"id":100393689,"price":"1151.0000000000000000","qty":"289.53180000","quoteQty":"289.53180000","time":1714077588243,"isBuyerMaker":false},{"id":100391158,"price":"1143.6000000000000000","qty":"289.53180000","quoteQty":"331108.56648000","time":1714076138745,"isBuyerMaker":true},{"id":100390417,"price":"1151.0000000000000000","qty":"289.53180000","quoteQty":"333251.10180000","time":1714075751881,"isBuyerMaker":true},{"id":100390266,"price":"1158.5000000000000000","qty":"289.53180000","quoteQty":"289.53180000","time":1714075622652,"isBuyerMaker":false},{"id":100390265,"price":"1151.0000000000000000","qty":"289.53180000","quoteQty":"289.53180000","time":1714075622432,"isBuyerMaker":false},{"id":100389734,"price":"1143.6000000000000000","qty":"289.53180000","quoteQty":"289.53180000","time":1714075402004,"isBuyerMaker":false},{"id":100389332,"price":"1136.1000000000000000","qty":"289.53180000","quoteQty":"289.53180000","time":1714075188133,"isBuyerMaker":false},{"id":100387310,"price":"1143.5000000000000000","qty":"3669.87380000","quoteQty":"3662.53405240","time":1714074054629,"isBuyerMaker":false},{"id":100372207,"price":"1129.0000000000000000","qty":"118.05280000","quoteQty":"118.05280000","time":1714065499918,"isBuyerMaker":false},{"id":100372205,"price":"1129.0000000000000000","qty":"567.56910000","quoteQty":"639375.78576942","time":1714065494555,"isBuyerMaker":true},{"id":100372199,"price":"1130.3000000000000000","qty":"11150.37570000","quoteQty":"12575542.46047184","time":1714065482521,"isBuyerMaker":true},{"id":100370149,"price":"1156.8000000000000000","qty":"22.63260000","quoteQty":"22.56130731","time":1714064491835,"isBuyerMaker":false},{"id":100370142,"price":"1154.9000000000000000","qty":"63.91770000","quoteQty":"63.71635924","time":1714064491399,"isBuyerMaker":false},{"id":100369368,"price":"1141.9000000000000000","qty":"47.61520000","quoteQty":"47.61520000","time":1714064108181,"isBuyerMaker":false},{"id":100364954,"price":"1132.0000000000000000","qty":"709.72080000","quoteQty":"803403.94560000","time":1714061904926,"isBuyerMaker":true},{"id":100360718,"price":"1132.0000000000000000","qty":"80.88700000","quoteQty":"80.88700000","time":1714060279296,"isBuyerMaker":false},{"id":100356316,"price":"1115.3000000000000000","qty":"248.00000000","quoteQty":"247.13200000","time":1714058205438,"isBuyerMaker":false},{"id":100348152,"price":"1096.5000000000000000","qty":"7010.80550000","quoteQty":"7010.80550000","time":1714054615265,"isBuyerMaker":false},{"id":100348151,"price":"1118.3000000000000000","qty":"53.25280000","quoteQty":"53.25280000","time":1714054614990,"isBuyerMaker":false},{"id":100348125,"price":"1096.5000000000000000","qty":"10435.07170000","quoteQty":"11410018.36191666","time":1714054606763,"isBuyerMaker":true},{"id":100346845,"price":"1104.0000000000000000","qty":"80.88700000","quoteQty":"80.88700000","time":1714054282053,"isBuyerMaker":false},{"id":100346840,"price":"1102.2000000000000000","qty":"47.61520000","quoteQty":"47.61520000","time":1714054279000,"isBuyerMaker":false},{"id":100346818,"price":"1102.2000000000000000","qty":"2342.53740000","quoteQty":"2342.53740000","time":1714054274747,"isBuyerMaker":false},{"id":100342716,"price":"1102.2000000000000000","qty":"136.16340000","quoteQty":"135.68682810","time":1714052423909,"isBuyerMaker":false},{"id":100336904,"price":"1087.3000000000000000","qty":"287.44040000","quoteQty":"287.44040000","time":1714051504353,"isBuyerMaker":false},{"id":100336160,"price":"1082.3000000000000000","qty":"47.61520000","quoteQty":"47.61520000","time":1714051401776,"isBuyerMaker":false},{"id":100334844,"price":"1080.2000000000000000","qty":"87.67880000","quoteQty":"94710.63976000","time":1714051272966,"isBuyerMaker":true},{"id":100334840,"price":"1087.3000000000000000","qty":"287.44040000","quoteQty":"312533.94692000","time":1714051271640,"isBuyerMaker":true},{"id":100334824,"price":"1082.3000000000000000","qty":"47.61520000","quoteQty":"51533.93096000","time":1714051269643,"isBuyerMaker":true},{"id":100334810,"price":"1076.0000000000000000","qty":"80.88700000","quoteQty":"87034.41200000","time":1714051268046,"isBuyerMaker":true},{"id":100334802,"price":"1102.0000000000000000","qty":"287.44040000","quoteQty":"316759.32080000","time":1714051267001,"isBuyerMaker":true},{"id":100334796,"price":"1100.0000000000000000","qty":"124.87360000","quoteQty":"137360.96000000","time":1714051266464,"isBuyerMaker":true},{"id":100334379,"price":"1102.2000000000000000","qty":"47.61520000","quoteQty":"52481.47344000","time":1714051219717,"isBuyerMaker":true},{"id":100334373,"price":"1104.0000000000000000","qty":"80.88700000","quoteQty":"89299.24800000","time":1714051219048,"isBuyerMaker":true},{"id":100319974,"price":"1116.7000000000000000","qty":"287.44040000","quoteQty":"287.44040000","time":1714046943213,"isBuyerMaker":false},{"id":100318784,"price":"1116.7000000000000000","qty":"287.44040000","quoteQty":"320984.69468000","time":1714046148994,"isBuyerMaker":true},{"id":100316961,"price":"1132.0000000000000000","qty":"80.88700000","quoteQty":"80.88700000","time":1714045227335,"isBuyerMaker":false},{"id":100316960,"price":"1131.3000000000000000","qty":"287.44040000","quoteQty":"287.44040000","time":1714045226981,"isBuyerMaker":false},{"id":100311408,"price":"1122.0000000000000000","qty":"47.61520000","quoteQty":"47.61520000","time":1714042070334,"isBuyerMaker":false},{"id":100310936,"price":"1122.0000000000000000","qty":"47.61520000","quoteQty":"53424.25440000","time":1714041801138,"isBuyerMaker":true},{"id":100307093,"price":"1130.0000000000000000","qty":"44.24780000","quoteQty":"50000.01400000","time":1714040402420,"isBuyerMaker":true},{"id":100307011,"price":"1131.3000000000000000","qty":"287.44040000","quoteQty":"325181.32452000","time":1714040361321,"isBuyerMaker":true},{"id":100307010,"price":"1132.0000000000000000","qty":"80.88700000","quoteQty":"91564.08400000","time":1714040360683,"isBuyerMaker":true},{"id":100304302,"price":"1141.9000000000000000","qty":"47.61520000","quoteQty":"54371.79688000","time":1714039479123,"isBuyerMaker":true},{"id":100301641,"price":"1146.0000000000000000","qty":"287.44040000","quoteQty":"329406.69840000","time":1714038009608,"isBuyerMaker":true},{"id":100294240,"price":"1159.0000000000000000","qty":"115.26570000","quoteQty":"133592.94630000","time":1714034001737,"isBuyerMaker":true},{"id":100270029,"price":"1152.1000000000000000","qty":"226.93500000","quoteQty":"260628.24028748","time":1714020529701,"isBuyerMaker":true},{"id":100268951,"price":"1160.7000000000000000","qty":"287.44040000","quoteQty":"287.44040000","time":1714019923316,"isBuyerMaker":false},{"id":100268949,"price":"1161.7000000000000000","qty":"47.61520000","quoteQty":"47.61520000","time":1714019922570,"isBuyerMaker":false},{"id":100267293,"price":"1146.0000000000000000","qty":"287.44040000","quoteQty":"287.44040000","time":1714018877135,"isBuyerMaker":false},{"id":100266198,"price":"1146.0000000000000000","qty":"287.44040000","quoteQty":"329406.69840000","time":1714018412730,"isBuyerMaker":true},{"id":100265215,"price":"1160.0000000000000000","qty":"80.88700000","quoteQty":"93828.92000000","time":1714018168255,"isBuyerMaker":true},{"id":100264820,"price":"1160.7000000000000000","qty":"17229.12200000","quoteQty":"19997841.90540000","time":1714018107613,"isBuyerMaker":true},{"id":100264811,"price":"1160.7000000000000000","qty":"287.44040000","quoteQty":"333632.07228000","time":1714018107366,"isBuyerMaker":true},{"id":100264431,"price":"1161.7000000000000000","qty":"47.61520000","quoteQty":"55314.57784000","time":1714018062388,"isBuyerMaker":true},{"id":100256518,"price":"1183.7000000000000000","qty":"392.23930000","quoteQty":"391.45482140","time":1714012914149,"isBuyerMaker":false},{"id":100256517,"price":"1182.4000000000000000","qty":"6230.00000000","quoteQty":"6217.54000000","time":1714012913576,"isBuyerMaker":false},{"id":100256516,"price":"1181.6000000000000000","qty":"47.61520000","quoteQty":"47.51996960","time":1714012913279,"isBuyerMaker":false},{"id":100252864,"price":"1181.6000000000000000","qty":"47.61520000","quoteQty":"56262.12032000","time":1714010496543,"isBuyerMaker":true},{"id":100252576,"price":"1188.0000000000000000","qty":"80.88700000","quoteQty":"96093.75600000","time":1714010354606,"isBuyerMaker":true},{"id":100230908,"price":"1208.0000000000000000","qty":"2490.48670000","quoteQty":"3008507.93360000","time":1713997254926,"isBuyerMaker":true},{"id":100230166,"price":"1208.0000000000000000","qty":"165.04160000","quoteQty":"198742.23650368","time":1713996858054,"isBuyerMaker":true},{"id":100225509,"price":"1208.0000000000000000","qty":"4108.56000000","quoteQty":"4945769.48832000","time":1713994141079,"isBuyerMaker":true},{"id":100221312,"price":"1206.7000000000000000","qty":"1101.64490000","quoteQty":"1324968.02965726","time":1713991548059,"isBuyerMaker":true},{"id":100220150,"price":"1206.7000000000000000","qty":"1116.41890000","quoteQty":"1344488.32125674","time":1713990877488,"isBuyerMaker":true},{"id":100219999,"price":"1231.8000000000000000","qty":"481.23110000","quoteQty":"480.26863780","time":1713990795215,"isBuyerMaker":false},{"id":100219998,"price":"1229.2000000000000000","qty":"519.37240000","quoteQty":"518.33365520","time":1713990794983,"isBuyerMaker":false},{"id":100219997,"price":"1227.9000000000000000","qty":"118.05280000","quoteQty":"117.81669440","time":1713990794771,"isBuyerMaker":false},{"id":100215344,"price":"1221.3000000000000000","qty":"1663.77440000","quoteQty":"1663.77440000","time":1713988324588,"isBuyerMaker":false},{"id":100213311,"price":"1221.3000000000000000","qty":"47.61520000","quoteQty":"47.61520000","time":1713987210852,"isBuyerMaker":false},{"id":100210171,"price":"1201.4000000000000000","qty":"47.61520000","quoteQty":"47.61520000","time":1713985523722,"isBuyerMaker":false},{"id":100209626,"price":"1201.4000000000000000","qty":"47.61520000","quoteQty":"57204.90128000","time":1713985359863,"isBuyerMaker":true},{"id":100200133,"price":"1221.3000000000000000","qty":"22180.00000000","quoteQty":"27088434.00000000","time":1713980723846,"isBuyerMaker":true},{"id":100200131,"price":"1216.0000000000000000","qty":"80.88700000","quoteQty":"98358.59200000","time":1713980723066,"isBuyerMaker":true},{"id":100200129,"price":"1221.3000000000000000","qty":"47.61520000","quoteQty":"58152.44376000","time":1713980722634,"isBuyerMaker":true},{"id":100188037,"price":"1244.0000000000000000","qty":"80.88700000","quoteQty":"80.88700000","time":1713974564820,"isBuyerMaker":false},{"id":100187913,"price":"1241.1000000000000000","qty":"47.61520000","quoteQty":"47.61520000","time":1713974528504,"isBuyerMaker":false},{"id":100181600,"price":"1221.3000000000000000","qty":"47.61520000","quoteQty":"47.61520000","time":1713971755059,"isBuyerMaker":false},{"id":100180847,"price":"1216.0000000000000000","qty":"60.98580000","quoteQty":"73899.17723520","time":1713971368403,"isBuyerMaker":true},{"id":100180467,"price":"1216.0000000000000000","qty":"80.88700000","quoteQty":"98358.59200000","time":1713971214655,"isBuyerMaker":true},{"id":100180147,"price":"1221.3000000000000000","qty":"47.61520000","quoteQty":"58152.44376000","time":1713971129682,"isBuyerMaker":true},{"id":100179318,"price":"1241.0000000000000000","qty":"40.29010000","quoteQty":"50000.01410000","time":1713970862262,"isBuyerMaker":true},{"id":100179316,"price":"1241.1000000000000000","qty":"47.61520000","quoteQty":"59095.22472000","time":1713970861739,"isBuyerMaker":true},{"id":100178326,"price":"1244.0000000000000000","qty":"80.88700000","quoteQty":"100623.42800000","time":1713970438033,"isBuyerMaker":true},{"id":100173859,"price":"1261.0000000000000000","qty":"47.61520000","quoteQty":"60042.76720000","time":1713969044929,"isBuyerMaker":true},{"id":100169860,"price":"1291.3000000000000000","qty":"561.26840000","quoteQty":"559.69684848","time":1713967384109,"isBuyerMaker":false},{"id":100167211,"price":"1300.0000000000000000","qty":"80.88700000","quoteQty":"80.88700000","time":1713965993012,"isBuyerMaker":false},{"id":100167210,"price":"1272.0000000000000000","qty":"80.88700000","quoteQty":"80.88700000","time":1713965992600,"isBuyerMaker":false},{"id":100167209,"price":"1280.8000000000000000","qty":"47.61520000","quoteQty":"47.61520000","time":1713965991973,"isBuyerMaker":false},{"id":100167135,"price":"1270.1000000000000000","qty":"29166.49780000","quoteQty":"36955462.37052613","time":1713965963022,"isBuyerMaker":true},{"id":100167134,"price":"1280.8000000000000000","qty":"47.61520000","quoteQty":"60839.18284442","time":1713965962836,"isBuyerMaker":true},{"id":100167133,"price":"1272.0000000000000000","qty":"80.88700000","quoteQty":"102641.33216640","time":1713965962193,"isBuyerMaker":true},{"id":100164873,"price":"1300.7000000000000000","qty":"47.61520000","quoteQty":"61933.09064000","time":1713965014528,"isBuyerMaker":true},{"id":100164871,"price":"1300.0000000000000000","qty":"80.88700000","quoteQty":"105153.10000000","time":1713965014192,"isBuyerMaker":true},{"id":100161689,"price":"1319.2000000000000000","qty":"3578.15240000","quoteQty":"3578.15240000","time":1713963626436,"isBuyerMaker":false},{"id":100161597,"price":"1319.2000000000000000","qty":"802.33770000","quoteQty":"1054951.02899033","time":1713963607832,"isBuyerMaker":true},{"id":100160841,"price":"1328.0000000000000000","qty":"80.88700000","quoteQty":"80.88700000","time":1713963080942,"isBuyerMaker":false},{"id":100160700,"price":"1328.0000000000000000","qty":"80.88700000","quoteQty":"80.88700000","time":1713963035670,"isBuyerMaker":false},{"id":100160647,"price":"1320.5000000000000000","qty":"47.61520000","quoteQty":"47.61520000","time":1713962934481,"isBuyerMaker":false},{"id":100160605,"price":"1335.0000000000000000","qty":"3461.50110000","quoteQty":"4621103.96850000","time":1713962864330,"isBuyerMaker":true},{"id":100160604,"price":"1328.0000000000000000","qty":"80.88700000","quoteQty":"107417.93600000","time":1713962863819,"isBuyerMaker":true},{"id":100160602,"price":"1302.9000000000000000","qty":"290.49040000","quoteQty":"378479.94216000","time":1713962863486,"isBuyerMaker":true},{"id":100160593,"price":"1320.5000000000000000","qty":"47.61520000","quoteQty":"62875.87160000","time":1713962862749,"isBuyerMaker":true},{"id":100160563,"price":"1380.1000000000000000","qty":"36.22920000","quoteQty":"36.14224992","time":1713962849049,"isBuyerMaker":false},{"id":100160099,"price":"1340.4000000000000000","qty":"47.61520000","quoteQty":"47.61520000","time":1713962575162,"isBuyerMaker":false},{"id":100159512,"price":"1340.4000000000000000","qty":"47.61520000","quoteQty":"63823.41408000","time":1713962253410,"isBuyerMaker":true},{"id":100159432,"price":"1340.6000000000000000","qty":"3447.04160000","quoteQty":"4621103.96896000","time":1713962211802,"isBuyerMaker":true},{"id":100159431,"price":"1340.4000000000000000","qty":"47.61520000","quoteQty":"63823.41408000","time":1713962211571,"isBuyerMaker":true},{"id":100159430,"price":"1328.0000000000000000","qty":"80.88700000","quoteQty":"107417.93600000","time":1713962210911,"isBuyerMaker":true},{"id":100158916,"price":"1380.1000000000000000","qty":"11327.87740000","quoteQty":"11327.87740000","time":1713961957099,"isBuyerMaker":false},{"id":100158915,"price":"1380.1000000000000000","qty":"47.61520000","quoteQty":"47.61520000","time":1713961956827,"isBuyerMaker":false},{"id":100158748,"price":"1362.2000000000000000","qty":"11787.77460000","quoteQty":"11787.77460000","time":1713961865674,"isBuyerMaker":false},{"id":100158687,"price":"1355.8000000000000000","qty":"24308.94660000","quoteQty":"24308.94660000","time":1713961840903,"isBuyerMaker":false},{"id":100158685,"price":"1356.0000000000000000","qty":"8840.83100000","quoteQty":"8840.83100000","time":1713961840347,"isBuyerMaker":false},{"id":100158641,"price":"1355.8000000000000000","qty":"136.00000000","quoteQty":"135.52400000","time":1713961816130,"isBuyerMaker":false},{"id":100158533,"price":"1355.8000000000000000","qty":"25810.00000000","quoteQty":"25810.00000000","time":1713961771826,"isBuyerMaker":false},{"id":100158463,"price":"1355.8000000000000000","qty":"6310.00000000","quoteQty":"6310.00000000","time":1713961730898,"isBuyerMaker":false},{"id":100156950,"price":"1355.0000000000000000","qty":"2397.36200000","quoteQty":"2391.60833120","time":1713960911495,"isBuyerMaker":false},{"id":100156949,"price":"1356.0000000000000000","qty":"26852.42750000","quoteQty":"26787.98167400","time":1713960911186,"isBuyerMaker":false},{"id":100156948,"price":"1356.0000000000000000","qty":"80.88700000","quoteQty":"80.69287120","time":1713960910579,"isBuyerMaker":false},{"id":100156282,"price":"1349.1000000000000000","qty":"4233.26120000","quoteQty":"4219.29143804","time":1713960551201,"isBuyerMaker":false},{"id":100156281,"price":"1349.1000000000000000","qty":"161.73240000","quoteQty":"161.19868308","time":1713960550793,"isBuyerMaker":false},{"id":100155647,"price":"1328.0000000000000000","qty":"80.88700000","quoteQty":"80.88700000","time":1713960172061,"isBuyerMaker":false},{"id":100155542,"price":"1310.0000000000000000","qty":"2672.00000000","quoteQty":"2672.00000000","time":1713960115143,"isBuyerMaker":false},{"id":100155539,"price":"1322.0000000000000000","qty":"2672.00000000","quoteQty":"2672.00000000","time":1713960114390,"isBuyerMaker":false},{"id":100155538,"price":"1322.9000000000000000","qty":"1809.91090000","quoteQty":"1809.91090000","time":1713960114070,"isBuyerMaker":false},{"id":100154105,"price":"1322.9000000000000000","qty":"498.66750000","quoteQty":"498.66750000","time":1713959266580,"isBuyerMaker":false},{"id":100154104,"price":"1300.0000000000000000","qty":"5344.00000000","quoteQty":"5344.00000000","time":1713959266387,"isBuyerMaker":false},{"id":100154103,"price":"1320.0000000000000000","qty":"40.84840000","quoteQty":"40.84840000","time":1713959266175,"isBuyerMaker":false},{"id":100154102,"price":"1300.0000000000000000","qty":"80.88700000","quoteQty":"80.88700000","time":1713959265936,"isBuyerMaker":false},{"id":100153379,"price":"1276.7000000000000000","qty":"4728.58940000","quoteQty":"4728.58940000","time":1713958852661,"isBuyerMaker":false},{"id":100153378,"price":"1272.0000000000000000","qty":"0.88700000","quoteQty":"0.88700000","time":1713958852093,"isBuyerMaker":false},{"id":100151463,"price":"1256.7000000000000000","qty":"512.07320000","quoteQty":"643522.39044000","time":1713957887713,"isBuyerMaker":true},{"id":100151418,"price":"1256.7000000000000000","qty":"155.24670000","quoteQty":"154.73438589","time":1713957868783,"isBuyerMaker":false},{"id":100150659,"price":"1256.7000000000000000","qty":"889.76040000","quoteQty":"886.82419068","time":1713957436630,"isBuyerMaker":false},{"id":100148445,"price":"1272.0000000000000000","qty":"80.00000000","quoteQty":"79.81280000","time":1713956068916,"isBuyerMaker":false},{"id":100146905,"price":"1261.0000000000000000","qty":"100.00000000","quoteQty":"99.76600000","time":1713955228001,"isBuyerMaker":false},{"id":100144923,"price":"1244.0000000000000000","qty":"80.88700000","quoteQty":"80.88700000","time":1713954173232,"isBuyerMaker":false},{"id":100144171,"price":"1202.7000000000000000","qty":"945.99900000","quoteQty":"1133770.86180945","time":1713953711907,"isBuyerMaker":true},{"id":100132861,"price":"1219.2000000000000000","qty":"1142.40890000","quoteQty":"1392824.93088000","time":1713948466724,"isBuyerMaker":true},{"id":100132853,"price":"1201.4000000000000000","qty":"166.47250000","quoteQty":"200000.06150000","time":1713948465225,"isBuyerMaker":true},{"id":100132835,"price":"1219.2000000000000000","qty":"327.45490000","quoteQty":"326.68865553","time":1713948453980,"isBuyerMaker":false},{"id":100132031,"price":"1212.9000000000000000","qty":"412.23520000","quoteQty":"500000.07408000","time":1713948035528,"isBuyerMaker":true},{"id":100129958,"price":"1227.8000000000000000","qty":"486.52220000","quoteQty":"485.38373805","time":1713947064664,"isBuyerMaker":false},{"id":100129222,"price":"1233.9000000000000000","qty":"1000.00000000","quoteQty":"1233900.00000000","time":1713946715119,"isBuyerMaker":true},{"id":100129221,"price":"1216.0000000000000000","qty":"80.88700000","quoteQty":"98358.59200000","time":1713946714911,"isBuyerMaker":true},{"id":100129219,"price":"1219.4000000000000000","qty":"820.07550000","quoteQty":"1000000.06470000","time":1713946714725,"isBuyerMaker":true},{"id":100126119,"price":"1233.9000000000000000","qty":"810.27630000","quoteQty":"807.44033295","time":1713945187491,"isBuyerMaker":false},{"id":100125695,"price":"1232.6000000000000000","qty":"135.53450000","quoteQty":"167059.82470000","time":1713944983236,"isBuyerMaker":true},{"id":100125689,"price":"1232.6000000000000000","qty":"1802.97670000","quoteQty":"1798.75773452","time":1713944978394,"isBuyerMaker":false},{"id":100125633,"price":"1232.6000000000000000","qty":"3877.02330000","quoteQty":"3867.95106548","time":1713944955423,"isBuyerMaker":false},{"id":100123045,"price":"1258.2000000000000000","qty":"402.22540000","quoteQty":"400.81761110","time":1713943703457,"isBuyerMaker":false},{"id":100122264,"price":"1258.2000000000000000","qty":"10657.60730000","quoteQty":"10627.76599956","time":1713943285098,"isBuyerMaker":false},{"id":100122263,"price":"1249.5000000000000000","qty":"1000.00000000","quoteQty":"997.20000000","time":1713943284906,"isBuyerMaker":false},{"id":100122262,"price":"1246.8000000000000000","qty":"87.67880000","quoteQty":"87.43329936","time":1713943284689,"isBuyerMaker":false},{"id":100122261,"price":"1245.5000000000000000","qty":"182.74750000","quoteQty":"182.23580700","time":1713943284298,"isBuyerMaker":false},{"id":100122260,"price":"1244.0000000000000000","qty":"0.93980000","quoteQty":"0.93716856","time":1713943283985,"isBuyerMaker":false},{"id":100117099,"price":"1201.4000000000000000","qty":"47.61520000","quoteQty":"47.61520000","time":1713940428783,"isBuyerMaker":false},{"id":100116949,"price":"1210.0000000000000000","qty":"8000.00000000","quoteQty":"9680000.00000000","time":1713940390551,"isBuyerMaker":true},{"id":100116948,"price":"1201.4000000000000000","qty":"47.61520000","quoteQty":"57204.90128000","time":1713940390209,"isBuyerMaker":true},{"id":100116445,"price":"1212.0000000000000000","qty":"9948.84480000","quoteQty":"12057999.89760000","time":1713940135729,"isBuyerMaker":true},{"id":100115757,"price":"1218.8000000000000000","qty":"4222.55330000","quoteQty":"4212.67252528","time":1713939858982,"isBuyerMaker":false},{"id":100115436,"price":"1212.0000000000000000","qty":"2704.80360000","quoteQty":"3278221.96320000","time":1713939707196,"isBuyerMaker":true},{"id":100113707,"price":"1231.8000000000000000","qty":"67.83590000","quoteQty":"67.75992379","time":1713938891167,"isBuyerMaker":false},{"id":100113661,"price":"1214.2000000000000000","qty":"677.54710000","quoteQty":"677.54710000","time":1713938870291,"isBuyerMaker":false},{"id":100113561,"price":"1214.2000000000000000","qty":"4370.92930000","quoteQty":"4370.92930000","time":1713938829810,"isBuyerMaker":false},{"id":100113470,"price":"1214.2000000000000000","qty":"5160.00000000","quoteQty":"5160.00000000","time":1713938790577,"isBuyerMaker":false},{"id":100113438,"price":"1214.2000000000000000","qty":"19140.00000000","quoteQty":"23184012.50880000","time":1713938777904,"isBuyerMaker":true},{"id":100113340,"price":"1215.5000000000000000","qty":"498.66750000","quoteQty":"604675.63341900","time":1713938742718,"isBuyerMaker":true},{"id":100101629,"price":"1220.0000000000000000","qty":"20000.00000000","quoteQty":"24400000.00000000","time":1713933153557,"isBuyerMaker":true},{"id":100101628,"price":"1211.0000000000000000","qty":"7285.26090000","quoteQty":"8822450.94990000","time":1713933153347,"isBuyerMaker":true},{"id":100101627,"price":"1211.0000000000000000","qty":"50.00000000","quoteQty":"60550.00000000","time":1713933153156,"isBuyerMaker":true},{"id":100078014,"price":"1228.9000000000000000","qty":"2037.75330000","quoteQty":"2499186.64030926","time":1713920004565,"isBuyerMaker":true},{"id":100065960,"price":"1218.2000000000000000","qty":"1641.76660000","quoteQty":"2000000.07212000","time":1713913529943,"isBuyerMaker":true},{"id":100065952,"price":"1216.0000000000000000","qty":"80.88700000","quoteQty":"98358.59200000","time":1713913528645,"isBuyerMaker":true},{"id":100053509,"price":"1240.2000000000000000","qty":"0.05280000","quoteQty":"0.05267645","time":1713906426638,"isBuyerMaker":false},{"id":100053508,"price":"1244.0000000000000000","qty":"79.94720000","quoteQty":"79.76012355","time":1713906426353,"isBuyerMaker":false},{"id":100053327,"price":"1240.2000000000000000","qty":"118.00000000","quoteQty":"117.72388000","time":1713906362823,"isBuyerMaker":false},{"id":100053143,"price":"1233.7000000000000000","qty":"99.32260000","quoteQty":"122534.29162000","time":1713906192772,"isBuyerMaker":true},{"id":100053136,"price":"1233.7000000000000000","qty":"100.67740000","quoteQty":"100.44181488","time":1713906179917,"isBuyerMaker":false},{"id":100052404,"price":"1218.7000000000000000","qty":"100.67740000","quoteQty":"122450.15628524","time":1713905729101,"isBuyerMaker":true},{"id":100052400,"price":"1218.7000000000000000","qty":"100.67740000","quoteQty":"100.44181488","time":1713905722761,"isBuyerMaker":false},{"id":100052300,"price":"1230.2000000000000000","qty":"2344.47450000","quoteQty":"2339.78555100","time":1713905658324,"isBuyerMaker":false},{"id":100048465,"price":"1211.0000000000000000","qty":"100.00000000","quoteQty":"121100.00000000","time":1713903696413,"isBuyerMaker":true},{"id":100048461,"price":"1210.0000000000000000","qty":"10704.92390000","quoteQty":"12952957.91900000","time":1713903695371,"isBuyerMaker":true},{"id":100048168,"price":"1219.9000000000000000","qty":"6630.19590000","quoteQty":"6614.68124159","time":1713903580751,"isBuyerMaker":false},{"id":100046826,"price":"1216.0000000000000000","qty":"123.36340000","quoteQty":"150009.89440000","time":1713902926850,"isBuyerMaker":true},{"id":100046823,"price":"1216.0000000000000000","qty":"80.88700000","quoteQty":"98358.59200000","time":1713902926649,"isBuyerMaker":true},{"id":100043924,"price":"1222.8000000000000000","qty":"502.28000000","quoteQty":"614187.98400000","time":1713901519431,"isBuyerMaker":true},{"id":100043923,"price":"1222.8000000000000000","qty":"163.55910000","quoteQty":"200000.06748000","time":1713901519211,"isBuyerMaker":true},{"id":100042401,"price":"1232.4000000000000000","qty":"125.70620000","quoteQty":"125.41204749","time":1713900724095,"isBuyerMaker":false},{"id":100042109,"price":"1232.4000000000000000","qty":"641.38990000","quoteQty":"639.27331333","time":1713900580565,"isBuyerMaker":false},{"id":100042034,"price":"1232.4000000000000000","qty":"4234.91070000","quoteQty":"4220.93549469","time":1713900543731,"isBuyerMaker":false},{"id":100041847,"price":"1232.4000000000000000","qty":"202.54380000","quoteQty":"201.87540546","time":1713900451896,"isBuyerMaker":false},{"id":100041671,"price":"1232.4000000000000000","qty":"281.31040000","quoteQty":"280.38207568","time":1713900367795,"isBuyerMaker":false},{"id":100038898,"price":"1243.4000000000000000","qty":"371.76290000","quoteQty":"370.53608243","time":1713898940717,"isBuyerMaker":false},{"id":100038366,"price":"1243.5000000000000000","qty":"8040.20900000","quoteQty":"8017.69641480","time":1713898600872,"isBuyerMaker":false},{"id":100038100,"price":"1243.5000000000000000","qty":"512.03610000","quoteQty":"510.34638087","time":1713898480163,"isBuyerMaker":false},{"id":100035911,"price":"1244.0000000000000000","qty":"333.67050000","quoteQty":"415086.10200000","time":1713897500700,"isBuyerMaker":true},{"id":100035908,"price":"1244.0000000000000000","qty":"80.88700000","quoteQty":"100422.18114400","time":1713897489446,"isBuyerMaker":true},{"id":100035901,"price":"1244.0000000000000000","qty":"80.88700000","quoteQty":"80.62007290","time":1713897483364,"isBuyerMaker":false},{"id":100033313,"price":"1228.3000000000000000","qty":"132.30170000","quoteQty":"161937.40648662","time":1713895966197,"isBuyerMaker":true},{"id":100033289,"price":"1243.2000000000000000","qty":"312.98340000","quoteQty":"389100.96288000","time":1713895950744,"isBuyerMaker":true},{"id":100033261,"price":"1243.2000000000000000","qty":"313.24320000","quoteQty":"312.20949744","time":1713895942011,"isBuyerMaker":false},{"id":100025864,"price":"1243.2000000000000000","qty":"241.31280000","quoteQty":"240.46820520","time":1713892213295,"isBuyerMaker":false},{"id":100024679,"price":"1243.2000000000000000","qty":"241.31280000","quoteQty":"240.46820520","time":1713891656368,"isBuyerMaker":false},{"id":100024653,"price":"1239.6000000000000000","qty":"800.00000000","quoteQty":"991680.00000000","time":1713891643648,"isBuyerMaker":true},{"id":100024650,"price":"1227.8000000000000000","qty":"244.33950000","quoteQty":"300000.03810000","time":1713891643468,"isBuyerMaker":true},{"id":100021647,"price":"1239.6000000000000000","qty":"3285.27500000","quoteQty":"4072426.89000000","time":1713890081970,"isBuyerMaker":true},{"id":100021646,"price":"1220.1000000000000000","qty":"71.67610000","quoteQty":"87452.00961000","time":1713890081781,"isBuyerMaker":true},{"id":100021645,"price":"1216.0000000000000000","qty":"80.88700000","quoteQty":"98358.59200000","time":1713890081564,"isBuyerMaker":true},{"id":100021619,"price":"1239.6000000000000000","qty":"36.90710000","quoteQty":"36.82073739","time":1713890030294,"isBuyerMaker":false},{"id":100021604,"price":"1239.6000000000000000","qty":"19933.09290000","quoteQty":"19886.44946261","time":1713890019694,"isBuyerMaker":false},{"id":100019592,"price":"1247.8000000000000000","qty":"1822.67740000","quoteQty":"2274336.85972000","time":1713888895393,"isBuyerMaker":true},{"id":100019591,"price":"1241.1000000000000000","qty":"14391.31330000","quoteQty":"17861058.93663000","time":1713888895114,"isBuyerMaker":true},{"id":100019530,"price":"1247.8000000000000000","qty":"8912.85310000","quoteQty":"8891.99702375","time":1713888868459,"isBuyerMaker":false},{"id":100019050,"price":"1241.1000000000000000","qty":"8166.44320000","quoteQty":"10135372.65552000","time":1713888568605,"isBuyerMaker":true},{"id":100019049,"price":"1232.0000000000000000","qty":"187.96420000","quoteQty":"231571.89440000","time":1713888568411,"isBuyerMaker":true},{"id":100018987,"price":"1241.1000000000000000","qty":"47.61520000","quoteQty":"47.50378043","time":1713888532535,"isBuyerMaker":false},{"id":100017409,"price":"1232.0000000000000000","qty":"4098.42850000","quoteQty":"5049263.91200000","time":1713887794405,"isBuyerMaker":true},{"id":100017408,"price":"1221.3000000000000000","qty":"47.61520000","quoteQty":"58152.44376000","time":1713887794198,"isBuyerMaker":true},{"id":100015874,"price":"1235.0000000000000000","qty":"2834.00810000","quoteQty":"3500000.00350000","time":1713887072312,"isBuyerMaker":true},{"id":100015868,"price":"1223.0000000000000000","qty":"100.00000000","quoteQty":"122300.00000000","time":1713887070704,"isBuyerMaker":true},{"id":100002575,"price":"1261.0000000000000000","qty":"145.07940000","quoteQty":"182945.12340000","time":1713881548671,"isBuyerMaker":true},{"id":100002523,"price":"1254.2000000000000000","qty":"71.87330000","quoteQty":"71.62174345","time":1713881515607,"isBuyerMaker":false},{"id":100002522,"price":"1252.6000000000000000","qty":"48.48740000","quoteQty":"48.31769410","time":1713881515223,"isBuyerMaker":false},{"id":100002521,"price":"1244.0000000000000000","qty":"80.88700000","quoteQty":"80.60389550","time":1713881514872,"isBuyerMaker":false},{"id":100002519,"price":"1241.1000000000000000","qty":"47.61520000","quoteQty":"47.44854680","time":1713881514094,"isBuyerMaker":false},{"id":100002518,"price":"1261.0000000000000000","qty":"47.61520000","quoteQty":"47.44854680","time":1713881513485,"isBuyerMaker":false},{"id":99995940,"price":"1223.0000000000000000","qty":"61.20000000","quoteQty":"60.98580000","time":1713878479155,"isBuyerMaker":false},{"id":99993860,"price":"1229.1000000000000000","qty":"8027.63160000","quoteQty":"9866761.99956000","time":1713877397702,"isBuyerMaker":true},{"id":99992205,"price":"1229.1000000000000000","qty":"755.56860000","quoteQty":"928669.36626000","time":1713876446956,"isBuyerMaker":true},{"id":99992020,"price":"1229.1000000000000000","qty":"58.03490000","quoteQty":"71250.80521094","time":1713876315813,"isBuyerMaker":true},{"id":99991673,"price":"1229.1000000000000000","qty":"2186.39650000","quoteQty":"2181.67388356","time":1713876099936,"isBuyerMaker":false},{"id":99991616,"price":"1229.1000000000000000","qty":"813.60350000","quoteQty":"810.75588775","time":1713876065010,"isBuyerMaker":false},{"id":99990888,"price":"1201.4000000000000000","qty":"47.61520000","quoteQty":"47.61520000","time":1713875665382,"isBuyerMaker":false},{"id":99990472,"price":"1188.2000000000000000","qty":"69.73130000","quoteQty":"82564.73910269","time":1713875422433,"isBuyerMaker":true},{"id":99990471,"price":"1201.4000000000000000","qty":"47.61520000","quoteQty":"57004.68412552","time":1713875422169,"isBuyerMaker":true},{"id":99987136,"price":"1221.3000000000000000","qty":"47.61520000","quoteQty":"58152.44376000","time":1713873445877,"isBuyerMaker":true},{"id":99987135,"price":"1220.0000000000000000","qty":"40.98370000","quoteQty":"50000.11400000","time":1713873445573,"isBuyerMaker":true},{"id":99987132,"price":"1216.0000000000000000","qty":"80.88700000","quoteQty":"98358.59200000","time":1713873445152,"isBuyerMaker":true},{"id":99984296,"price":"1241.1000000000000000","qty":"47.61520000","quoteQty":"59095.22472000","time":1713872015294,"isBuyerMaker":true},{"id":99983150,"price":"1244.0000000000000000","qty":"80.88700000","quoteQty":"100623.42800000","time":1713871526743,"isBuyerMaker":true},{"id":99982125,"price":"1250.0000000000000000","qty":"400.38720000","quoteQty":"500484.00000000","time":1713871065615,"isBuyerMaker":true},{"id":99980175,"price":"1255.0000000000000000","qty":"500.00000000","quoteQty":"627500.00000000","time":1713870179894,"isBuyerMaker":true},{"id":99979367,"price":"1255.0000000000000000","qty":"400.00000000","quoteQty":"502000.00000000","time":1713869787126,"isBuyerMaker":true},{"id":99979366,"price":"1250.0000000000000000","qty":"80.00000000","quoteQty":"100000.00000000","time":1713869786837,"isBuyerMaker":true},{"id":99970101,"price":"1255.0000000000000000","qty":"15000.00000000","quoteQty":"18825000.00000000","time":1713866239282,"isBuyerMaker":true},{"id":99970100,"price":"1252.0000000000000000","qty":"11383.66930000","quoteQty":"14252353.96360000","time":1713866238407,"isBuyerMaker":true},{"id":99970099,"price":"1254.0000000000000000","qty":"15860.42830000","quoteQty":"19888977.08820000","time":1713866237060,"isBuyerMaker":true},{"id":99970096,"price":"1252.0000000000000000","qty":"95.00390000","quoteQty":"118944.88280000","time":1713866235596,"isBuyerMaker":true},{"id":99970094,"price":"1252.0000000000000000","qty":"399.36110000","quoteQty":"500000.09720000","time":1713866235137,"isBuyerMaker":true},{"id":99970092,"price":"1250.0000000000000000","qty":"122.20080000","quoteQty":"152751.00000000","time":1713866234445,"isBuyerMaker":true},{"id":99950200,"price":"1261.0000000000000000","qty":"348.89560000","quoteQty":"439957.35160000","time":1713860246665,"isBuyerMaker":true},{"id":99950169,"price":"1261.0000000000000000","qty":"47.61520000","quoteQty":"47.44854680","time":1713860241785,"isBuyerMaker":false},{"id":99941518,"price":"1261.0000000000000000","qty":"47.61520000","quoteQty":"60042.76720000","time":1713858168433,"isBuyerMaker":true},{"id":99940157,"price":"1272.0000000000000000","qty":"500.00000000","quoteQty":"636000.00000000","time":1713857862545,"isBuyerMaker":true},{"id":99940154,"price":"1264.0000000000000000","qty":"500.00000000","quoteQty":"632000.00000000","time":1713857860189,"isBuyerMaker":true},{"id":99940145,"price":"1263.0000000000000000","qty":"200.00000000","quoteQty":"252600.00000000","time":1713857857918,"isBuyerMaker":true},{"id":99939455,"price":"1272.0000000000000000","qty":"157.23280000","quoteQty":"200000.12160000","time":1713857717820,"isBuyerMaker":true},{"id":99937692,"price":"1272.0000000000000000","qty":"117.73500000","quoteQty":"149758.92000000","time":1713857335847,"isBuyerMaker":true},{"id":99937677,"price":"1272.0000000000000000","qty":"80.88700000","quoteQty":"102888.26400000","time":1713857332772,"isBuyerMaker":true},{"id":99937591,"price":"1273.0000000000000000","qty":"200.00000000","quoteQty":"254600.00000000","time":1713857316781,"isBuyerMaker":true},{"id":99914225,"price":"1310.0000000000000000","qty":"596.25490000","quoteQty":"781093.91900000","time":1713843812973,"isBuyerMaker":true},{"id":99912762,"price":"1310.0000000000000000","qty":"6766.83990000","quoteQty":"8864560.26900000","time":1713843202728,"isBuyerMaker":true},{"id":99912758,"price":"1300.0000000000000000","qty":"80.88700000","quoteQty":"105153.10000000","time":1713843202350,"isBuyerMaker":true},{"id":99912743,"price":"1310.0000000000000000","qty":"13233.16010000","quoteQty":"17335439.73100000","time":1713843193236,"isBuyerMaker":true},{"id":99912498,"price":"1323.0000000000000000","qty":"49.03470000","quoteQty":"48.91701672","time":1713843104338,"isBuyerMaker":false},{"id":99908179,"price":"1323.0000000000000000","qty":"5556.94600000","quoteQty":"7351839.55800000","time":1713841147576,"isBuyerMaker":true},{"id":99908035,"price":"1327.0000000000000000","qty":"7535.79510000","quoteQty":"10000000.09770000","time":1713841089585,"isBuyerMaker":true},{"id":99908034,"price":"1324.0000000000000000","qty":"8000.00000000","quoteQty":"10592000.00000000","time":1713841089329,"isBuyerMaker":true},{"id":99907825,"price":"1327.0000000000000000","qty":"9900.00000000","quoteQty":"13137300.00000000","time":1713840990918,"isBuyerMaker":true},{"id":99907824,"price":"1325.0000000000000000","qty":"10000.00000000","quoteQty":"13250000.00000000","time":1713840990567,"isBuyerMaker":true},{"id":99896215,"price":"1328.0000000000000000","qty":"80.88700000","quoteQty":"107417.93600000","time":1713834999230,"isBuyerMaker":true},{"id":99894728,"price":"1348.0000000000000000","qty":"2000.00000000","quoteQty":"2000.00000000","time":1713834261819,"isBuyerMaker":false},{"id":99894726,"price":"1348.0000000000000000","qty":"473.65000000","quoteQty":"473.65000000","time":1713834261597,"isBuyerMaker":false},{"id":99894723,"price":"1356.0000000000000000","qty":"80.88700000","quoteQty":"80.88700000","time":1713834261319,"isBuyerMaker":false},{"id":99894483,"price":"1344.3000000000000000","qty":"14980.49910000","quoteQty":"14980.49910000","time":1713834233030,"isBuyerMaker":false},{"id":99894480,"price":"1348.0000000000000000","qty":"1526.35000000","quoteQty":"1526.35000000","time":1713834232630,"isBuyerMaker":false},{"id":99882042,"price":"1335.0000000000000000","qty":"430.33720000","quoteQty":"574500.16200000","time":1713827923657,"isBuyerMaker":true},{"id":99882041,"price":"1312.7000000000000000","qty":"46.72890000","quoteQty":"61341.02703000","time":1713827923479,"isBuyerMaker":true},{"id":99882012,"price":"1335.0000000000000000","qty":"1441.95860000","quoteQty":"1436.91174490","time":1713827918511,"isBuyerMaker":false},{"id":99881697,"price":"1328.0000000000000000","qty":"80.88700000","quoteQty":"80.88700000","time":1713827681779,"isBuyerMaker":false},{"id":99860731,"price":"1321.3000000000000000","qty":"667.65570000","quoteQty":"665.31890505","time":1713816264346,"isBuyerMaker":false},{"id":99855257,"price":"1296.8000000000000000","qty":"96.82150000","quoteQty":"125118.66777580","time":1713813514443,"isBuyerMaker":true},{"id":99854446,"price":"1310.0000000000000000","qty":"76.35570000","quoteQty":"100025.96700000","time":1713813139278,"isBuyerMaker":true},{"id":99845324,"price":"1307.6000000000000000","qty":"4767.13070000","quoteQty":"6233500.10332000","time":1713808876754,"isBuyerMaker":true},{"id":99843830,"price":"1307.6000000000000000","qty":"39.15690000","quoteQty":"39.15690000","time":1713808192063,"isBuyerMaker":false},{"id":99838267,"price":"1303.8000000000000000","qty":"50.00000000","quoteQty":"49.82500000","time":1713805759251,"isBuyerMaker":false},{"id":99836501,"price":"1275.6000000000000000","qty":"284.37580000","quoteQty":"361480.14628332","time":1713804914774,"isBuyerMaker":true},{"id":99835483,"price":"1300.0000000000000000","qty":"881.53850000","quoteQty":"1146000.05000000","time":1713804458236,"isBuyerMaker":true},{"id":99833562,"price":"1280.8000000000000000","qty":"47.61520000","quoteQty":"47.61520000","time":1713803554350,"isBuyerMaker":false},{"id":99833462,"price":"1292.5000000000000000","qty":"1817.47690000","quoteQty":"2349088.89325000","time":1713803507845,"isBuyerMaker":true},{"id":99833461,"price":"1292.5000000000000000","qty":"41.11100000","quoteQty":"53135.96750000","time":1713803507522,"isBuyerMaker":true},{"id":99833460,"price":"1290.2000000000000000","qty":"38.75370000","quoteQty":"50000.02374000","time":1713803507271,"isBuyerMaker":true},{"id":99833459,"price":"1280.8000000000000000","qty":"47.61520000","quoteQty":"60985.54816000","time":1713803507074,"isBuyerMaker":true},{"id":99827856,"price":"1290.2000000000000000","qty":"568.71500000","quoteQty":"568.71500000","time":1713800668409,"isBuyerMaker":false},{"id":99827855,"price":"1300.7000000000000000","qty":"47.61520000","quoteQty":"47.61520000","time":1713800668086,"isBuyerMaker":false},{"id":99822516,"price":"1290.2000000000000000","qty":"38.75370000","quoteQty":"50000.02374000","time":1713798271639,"isBuyerMaker":true},{"id":99822514,"price":"1290.2000000000000000","qty":"1852.70500000","quoteQty":"2390359.99100000","time":1713798271390,"isBuyerMaker":true},{"id":99822510,"price":"1290.7000000000000000","qty":"5906.85150000","quoteQty":"7623973.23105000","time":1713798270826,"isBuyerMaker":true},{"id":99822447,"price":"1293.4000000000000000","qty":"92.63020000","quoteQty":"119807.90068000","time":1713798257760,"isBuyerMaker":true},{"id":99821345,"price":"1300.0000000000000000","qty":"122.88000000","quoteQty":"159744.00000000","time":1713797846889,"isBuyerMaker":true},{"id":99821344,"price":"1300.7000000000000000","qty":"163.75180000","quoteQty":"212991.96626000","time":1713797846281,"isBuyerMaker":true},{"id":99821313,"price":"1300.7000000000000000","qty":"47.61520000","quoteQty":"61933.09064000","time":1713797845085,"isBuyerMaker":true},{"id":99821304,"price":"1300.0000000000000000","qty":"80.88700000","quoteQty":"105153.10000000","time":1713797844456,"isBuyerMaker":true},{"id":99821113,"price":"1303.5000000000000000","qty":"275.73910000","quoteQty":"359425.91685000","time":1713797803431,"isBuyerMaker":true},{"id":99821111,"price":"1302.7000000000000000","qty":"218.00030000","quoteQty":"283988.99081000","time":1713797803204,"isBuyerMaker":true},{"id":99821109,"price":"1303.4000000000000000","qty":"1162.04610000","quoteQty":"1514610.88674000","time":1713797802965,"isBuyerMaker":true},{"id":99821108,"price":"1303.4000000000000000","qty":"674.12390000","quoteQty":"878653.09126000","time":1713797802739,"isBuyerMaker":true},{"id":99820904,"price":"1317.2000000000000000","qty":"1361.04610000","quoteQty":"1357.86125213","time":1713797611725,"isBuyerMaker":false},{"id":99815607,"price":"1306.0000000000000000","qty":"44733.19890000","quoteQty":"44733.19890000","time":1713794973101,"isBuyerMaker":false},{"id":99815606,"price":"1333.6000000000000000","qty":"333.90530000","quoteQty":"333.90530000","time":1713794972902,"isBuyerMaker":false}