{"symbol":"GROK_IRT","lastTrades":[{"id":102096852,"price":"730.0000000000000000","qty":"300.00000000","quoteQty":"219000.00000000","time":1715149440973,"isBuyerMaker":true},{"id":102096851,"price":"740.0000000000000000","qty":"500.00000000","quoteQty":"370000.00000000","time":1715149440258,"isBuyerMaker":true},{"id":102096814,"price":"741.5000000000000000","qty":"67.44000000","quoteQty":"50006.76000000","time":1715149430580,"isBuyerMaker":true},{"id":102094910,"price":"741.5000000000000000","qty":"500.00000000","quoteQty":"369526.52500000","time":1715148463963,"isBuyerMaker":true},{"id":102091565,"price":"751.4000000000000000","qty":"66.55000000","quoteQty":"66.31707500","time":1715145921135,"isBuyerMaker":false},{"id":102090786,"price":"740.9000000000000000","qty":"2900.00000000","quoteQty":"2141519.58700000","time":1715145386557,"isBuyerMaker":true},{"id":102090757,"price":"750.0000000000000000","qty":"500.00000000","quoteQty":"375000.00000000","time":1715145373420,"isBuyerMaker":true},{"id":102090756,"price":"752.0000000000000000","qty":"66.49000000","quoteQty":"50000.48000000","time":1715145371264,"isBuyerMaker":true},{"id":102090755,"price":"750.0000000000000000","qty":"66.67000000","quoteQty":"50002.50000000","time":1715145370322,"isBuyerMaker":true},{"id":102090506,"price":"755.0000000000000000","qty":"132.46000000","quoteQty":"100007.30000000","time":1715145204755,"isBuyerMaker":true},{"id":102089196,"price":"761.9000000000000000","qty":"10071.74000000","quoteQty":"7673658.70600000","time":1715144318781,"isBuyerMaker":true},{"id":102089120,"price":"765.2000000000000000","qty":"2934.46000000","quoteQty":"2245448.79200000","time":1715144270926,"isBuyerMaker":true},{"id":102088811,"price":"765.2000000000000000","qty":"340.50000000","quoteQty":"260550.60000000","time":1715144052613,"isBuyerMaker":true},{"id":102088168,"price":"765.2000000000000000","qty":"5018.56000000","quoteQty":"3830985.62693120","time":1715143619231,"isBuyerMaker":true},{"id":102082660,"price":"760.0000000000000000","qty":"226.25000000","quoteQty":"226.25000000","time":1715139839869,"isBuyerMaker":false},{"id":102082429,"price":"759.8000000000000000","qty":"4175.26000000","quoteQty":"3164114.40537520","time":1715139677560,"isBuyerMaker":true},{"id":102082428,"price":"759.8000000000000000","qty":"6999.89000000","quoteQty":"5304688.27930280","time":1715139677112,"isBuyerMaker":true},{"id":102082392,"price":"760.0000000000000000","qty":"896.39000000","quoteQty":"679485.13336000","time":1715139660206,"isBuyerMaker":true},{"id":102082390,"price":"760.1000000000000000","qty":"2602.40000000","quoteQty":"1972941.22097600","time":1715139659723,"isBuyerMaker":true},{"id":102077784,"price":"765.6000000000000000","qty":"218.90000000","quoteQty":"167003.27556000","time":1715136132663,"isBuyerMaker":true},{"id":102071451,"price":"755.0000000000000000","qty":"8958.17000000","quoteQty":"8958.17000000","time":1715131046490,"isBuyerMaker":false},{"id":102071346,"price":"755.0000000000000000","qty":"548.50000000","quoteQty":"548.50000000","time":1715130987351,"isBuyerMaker":false},{"id":102070819,"price":"755.0000000000000000","qty":"467.30000000","quoteQty":"467.30000000","time":1715130541263,"isBuyerMaker":false},{"id":102063342,"price":"754.9000000000000000","qty":"2000.00000000","quoteQty":"1505874.52000000","time":1715125417292,"isBuyerMaker":true},{"id":102061417,"price":"753.4000000000000000","qty":"376.86000000","quoteQty":"283046.15239560","time":1715123960386,"isBuyerMaker":true},{"id":102059744,"price":"767.0000000000000000","qty":"260.76000000","quoteQty":"200002.92000000","time":1715123198099,"isBuyerMaker":true},{"id":102044944,"price":"767.9000000000000000","qty":"65.12000000","quoteQty":"50005.64800000","time":1715113268433,"isBuyerMaker":true},{"id":102044943,"price":"767.9000000000000000","qty":"65.12000000","quoteQty":"50005.64800000","time":1715113267946,"isBuyerMaker":true},{"id":102033752,"price":"767.9000000000000000","qty":"4018.78000000","quoteQty":"4018.78000000","time":1715105997601,"isBuyerMaker":false},{"id":102033572,"price":"767.9000000000000000","qty":"1339.59000000","quoteQty":"1026202.35021360","time":1715105892497,"isBuyerMaker":true},{"id":102033180,"price":"760.2000000000000000","qty":"181.00000000","quoteQty":"137142.13254000","time":1715105644650,"isBuyerMaker":true},{"id":102031251,"price":"760.9000000000000000","qty":"1786.12000000","quoteQty":"1355796.96710080","time":1715104332896,"isBuyerMaker":true},{"id":102027742,"price":"752.9000000000000000","qty":"293.54000000","quoteQty":"220232.74406900","time":1715101852985,"isBuyerMaker":true},{"id":102027741,"price":"757.0000000000000000","qty":"105.06000000","quoteQty":"79252.06353000","time":1715101852734,"isBuyerMaker":true},{"id":102026056,"price":"765.2000000000000000","qty":"1826.96000000","quoteQty":"1822.57529600","time":1715100648018,"isBuyerMaker":false},{"id":102025991,"price":"765.1000000000000000","qty":"516.29000000","quoteQty":"515.05090400","time":1715100604732,"isBuyerMaker":false},{"id":102025305,"price":"769.3000000000000000","qty":"3250.17000000","quoteQty":"3240.09447300","time":1715100151023,"isBuyerMaker":false},{"id":102023031,"price":"768.0000000000000000","qty":"4228.84000000","quoteQty":"3247749.12000000","time":1715098590959,"isBuyerMaker":true},{"id":102023030,"price":"766.9000000000000000","qty":"175.61000000","quoteQty":"134675.30900000","time":1715098590463,"isBuyerMaker":true},{"id":102023022,"price":"770.9000000000000000","qty":"341.00000000","quoteQty":"339.80650000","time":1715098578486,"isBuyerMaker":false},{"id":102022995,"price":"772.6000000000000000","qty":"587.89000000","quoteQty":"586.47906400","time":1715098511235,"isBuyerMaker":false},{"id":102022981,"price":"771.1000000000000000","qty":"1284.46000000","quoteQty":"1280.22128200","time":1715098455463,"isBuyerMaker":false},{"id":102022033,"price":"767.4000000000000000","qty":"3000.00000000","quoteQty":"2992.80000000","time":1715097787472,"isBuyerMaker":false},{"id":102022023,"price":"766.9000000000000000","qty":"1420.50000000","quoteQty":"1089381.45000000","time":1715097779351,"isBuyerMaker":true},{"id":102021985,"price":"766.9000000000000000","qty":"433.89000000","quoteQty":"432.84866400","time":1715097762348,"isBuyerMaker":false},{"id":102021205,"price":"772.5000000000000000","qty":"77095.79000000","quoteQty":"59556497.77500000","time":1715097198539,"isBuyerMaker":true},{"id":102021056,"price":"772.5000000000000000","qty":"3190.60000000","quoteQty":"2464738.50000000","time":1715097117036,"isBuyerMaker":true},{"id":102020974,"price":"772.5000000000000000","qty":"7942.40000000","quoteQty":"6135504.00000000","time":1715097072958,"isBuyerMaker":true},{"id":102020904,"price":"772.5000000000000000","qty":"11827.40000000","quoteQty":"9136666.50000000","time":1715096996840,"isBuyerMaker":true},{"id":102020885,"price":"772.5000000000000000","qty":"11902.29000000","quoteQty":"9194519.02500000","time":1715096977466,"isBuyerMaker":true},{"id":102020883,"price":"772.5000000000000000","qty":"14250.00000000","quoteQty":"11008125.00000000","time":1715096976457,"isBuyerMaker":true},{"id":102020880,"price":"772.5000000000000000","qty":"6057.50000000","quoteQty":"4679418.75000000","time":1715096975521,"isBuyerMaker":true},{"id":102020753,"price":"772.5000000000000000","qty":"403.40000000","quoteQty":"311626.50000000","time":1715096904717,"isBuyerMaker":true},{"id":102020566,"price":"772.5000000000000000","qty":"404.30000000","quoteQty":"312321.75000000","time":1715096753356,"isBuyerMaker":true},{"id":102020413,"price":"772.5000000000000000","qty":"14400.00000000","quoteQty":"11124000.00000000","time":1715096662894,"isBuyerMaker":true},{"id":102020324,"price":"772.5000000000000000","qty":"2600.90000000","quoteQty":"2009195.25000000","time":1715096631477,"isBuyerMaker":true},{"id":102020310,"price":"772.5000000000000000","qty":"23350.00000000","quoteQty":"18037875.00000000","time":1715096573605,"isBuyerMaker":true},{"id":102020263,"price":"772.5000000000000000","qty":"5216.20000000","quoteQty":"4029514.50000000","time":1715096481112,"isBuyerMaker":true},{"id":102012766,"price":"772.5000000000000000","qty":"5500.00000000","quoteQty":"4233879.37500000","time":1715091449054,"isBuyerMaker":true},{"id":102011426,"price":"768.1000000000000000","qty":"119.77000000","quoteQty":"91673.35332050","time":1715090462047,"isBuyerMaker":true},{"id":102002037,"price":"778.4000000000000000","qty":"10884.11000000","quoteQty":"10849.82505350","time":1715084029373,"isBuyerMaker":false},{"id":102002036,"price":"778.0000000000000000","qty":"1190.70000000","quoteQty":"1186.94929500","time":1715084029008,"isBuyerMaker":false},{"id":102002034,"price":"777.9000000000000000","qty":"512.60000000","quoteQty":"510.98531000","time":1715084028672,"isBuyerMaker":false},{"id":102000341,"price":"778.0000000000000000","qty":"72.09000000","quoteQty":"56086.02000000","time":1715082721481,"isBuyerMaker":true},{"id":101996431,"price":"786.4000000000000000","qty":"1000.00000000","quoteQty":"783922.84000000","time":1715079970808,"isBuyerMaker":true},{"id":101992101,"price":"781.3000000000000000","qty":"6201.67000000","quoteQty":"4836643.11441220","time":1715076820382,"isBuyerMaker":true},{"id":101983134,"price":"787.2000000000000000","qty":"260.75000000","quoteQty":"204543.98160000","time":1715071222930,"isBuyerMaker":true},{"id":101979198,"price":"784.9000000000000000","qty":"63.71000000","quoteQty":"63.48701500","time":1715069228294,"isBuyerMaker":false},{"id":101972204,"price":"771.6000000000000000","qty":"617.11000000","quoteQty":"617.11000000","time":1715064939031,"isBuyerMaker":false},{"id":101972003,"price":"771.6000000000000000","qty":"6082.40000000","quoteQty":"6082.40000000","time":1715064801583,"isBuyerMaker":false},{"id":101971838,"price":"771.6000000000000000","qty":"573.80000000","quoteQty":"573.80000000","time":1715064744084,"isBuyerMaker":false},{"id":101971830,"price":"771.6000000000000000","qty":"3193.69000000","quoteQty":"2455626.32478600","time":1715064728175,"isBuyerMaker":true},{"id":101961316,"price":"795.8000000000000000","qty":"1023.10000000","quoteQty":"1019.51915000","time":1715058000151,"isBuyerMaker":false},{"id":101961315,"price":"795.8000000000000000","qty":"233.90000000","quoteQty":"233.08135000","time":1715057999949,"isBuyerMaker":false},{"id":101958500,"price":"797.0000000000000000","qty":"9.58000000","quoteQty":"9.55317600","time":1715056168550,"isBuyerMaker":false},{"id":101958499,"price":"796.6000000000000000","qty":"366.80000000","quoteQty":"365.77296000","time":1715056168372,"isBuyerMaker":false},{"id":101957073,"price":"799.6000000000000000","qty":"20185.72000000","quoteQty":"20129.19998400","time":1715055167174,"isBuyerMaker":false},{"id":101957046,"price":"799.6000000000000000","qty":"20185.71000000","quoteQty":"20129.19001200","time":1715055143639,"isBuyerMaker":false},{"id":101949177,"price":"796.9000000000000000","qty":"131711.89000000","quoteQty":"104696702.90404468","time":1715050867468,"isBuyerMaker":true},{"id":101942000,"price":"799.6000000000000000","qty":"109.10000000","quoteQty":"86931.03274000","time":1715045932897,"isBuyerMaker":true},{"id":101940178,"price":"799.2000000000000000","qty":"113.41000000","quoteQty":"113.41000000","time":1715044654606,"isBuyerMaker":false},{"id":101940038,"price":"799.2000000000000000","qty":"607.79000000","quoteQty":"607.79000000","time":1715044546948,"isBuyerMaker":false},{"id":101939646,"price":"799.2000000000000000","qty":"62.57000000","quoteQty":"49830.92319600","time":1715044303494,"isBuyerMaker":true},{"id":101919401,"price":"799.2000000000000000","qty":"625.63000000","quoteQty":"500003.49600000","time":1715030801288,"isBuyerMaker":true},{"id":101919399,"price":"799.2000000000000000","qty":"1000.00000000","quoteQty":"799200.00000000","time":1715030800683,"isBuyerMaker":true},{"id":101911179,"price":"799.2000000000000000","qty":"69.38000000","quoteQty":"55254.42626400","time":1715025552618,"isBuyerMaker":true},{"id":101905985,"price":"809.8000000000000000","qty":"6212.86000000","quoteQty":"6201.67685200","time":1715022590506,"isBuyerMaker":false},{"id":101902317,"price":"791.2000000000000000","qty":"400.50000000","quoteQty":"315766.53540000","time":1715020358763,"isBuyerMaker":true},{"id":101895643,"price":"810.0000000000000000","qty":"121.18000000","quoteQty":"98155.80000000","time":1715016557718,"isBuyerMaker":true},{"id":101894340,"price":"810.0000000000000000","qty":"34366.90000000","quoteQty":"34366.90000000","time":1715015808289,"isBuyerMaker":false},{"id":101891280,"price":"808.8000000000000000","qty":"641.70000000","quoteQty":"639.90324000","time":1715014063465,"isBuyerMaker":false},{"id":101890093,"price":"810.0000000000000000","qty":"3148.10000000","quoteQty":"3148.10000000","time":1715013344442,"isBuyerMaker":false},{"id":101888165,"price":"799.2000000000000000","qty":"7418.71000000","quoteQty":"5912431.73951040","time":1715012116467,"isBuyerMaker":true},{"id":101888139,"price":"799.2000000000000000","qty":"7418.70000000","quoteQty":"5912423.76988800","time":1715012104486,"isBuyerMaker":true},{"id":101888108,"price":"799.7000000000000000","qty":"5407.09000000","quoteQty":"4311942.53335560","time":1715012085925,"isBuyerMaker":true},{"id":101888006,"price":"799.7000000000000000","qty":"20244.50000000","quoteQty":"16144195.97538000","time":1715012025532,"isBuyerMaker":true},{"id":101876132,"price":"808.9000000000000000","qty":"3132.92000000","quoteQty":"3132.92000000","time":1715005577380,"isBuyerMaker":false},{"id":101875155,"price":"798.0000000000000000","qty":"5942.00000000","quoteQty":"5942.00000000","time":1715004977559,"isBuyerMaker":false},{"id":101873934,"price":"798.5000000000000000","qty":"265.12000000","quoteQty":"211698.32000000","time":1715004348266,"isBuyerMaker":true},{"id":101873878,"price":"798.5000000000000000","qty":"456.20000000","quoteQty":"364275.70000000","time":1715004309735,"isBuyerMaker":true},{"id":101873865,"price":"798.5000000000000000","qty":"505.39000000","quoteQty":"403553.91500000","time":1715004298273,"isBuyerMaker":true},{"id":101873831,"price":"801.0000000000000000","qty":"99.23000000","quoteQty":"98.88269500","time":1715004276086,"isBuyerMaker":false},{"id":101873811,"price":"798.5000000000000000","qty":"2328.20000000","quoteQty":"1859067.70000000","time":1715004263695,"isBuyerMaker":true},{"id":101873642,"price":"798.5000000000000000","qty":"44354.74000000","quoteQty":"44239.41767600","time":1715004186199,"isBuyerMaker":false},{"id":101873641,"price":"798.2000000000000000","qty":"5617.00000000","quoteQty":"5602.39580000","time":1715004185834,"isBuyerMaker":false},{"id":101873640,"price":"798.1000000000000000","qty":"2580.09000000","quoteQty":"2573.38176600","time":1715004185460,"isBuyerMaker":false},{"id":101873406,"price":"795.7000000000000000","qty":"654.99000000","quoteQty":"652.69753500","time":1715003983785,"isBuyerMaker":false},{"id":101871608,"price":"788.9000000000000000","qty":"1656.83000000","quoteQty":"1307073.18700000","time":1715002957085,"isBuyerMaker":true},{"id":101871606,"price":"774.0000000000000000","qty":"427.60000000","quoteQty":"330962.40000000","time":1715002956816,"isBuyerMaker":true},{"id":101871561,"price":"788.9000000000000000","qty":"2867.30000000","quoteQty":"2859.27156000","time":1715002930700,"isBuyerMaker":false},{"id":101870444,"price":"784.9000000000000000","qty":"11148.91000000","quoteQty":"11117.69305200","time":1715002372763,"isBuyerMaker":false},{"id":101870423,"price":"784.4000000000000000","qty":"6922.60000000","quoteQty":"6903.21672000","time":1715002362963,"isBuyerMaker":false},{"id":101870422,"price":"784.0000000000000000","qty":"5752.89000000","quoteQty":"5736.78190800","time":1715002362574,"isBuyerMaker":false},{"id":101870409,"price":"783.9000000000000000","qty":"16778.29000000","quoteQty":"16731.31078800","time":1715002351703,"isBuyerMaker":false},{"id":101869074,"price":"779.0000000000000000","qty":"11888.40000000","quoteQty":"9235132.62192000","time":1715001767926,"isBuyerMaker":true},{"id":101869073,"price":"779.1000000000000000","qty":"6300.60000000","quoteQty":"4895052.82711200","time":1715001767730,"isBuyerMaker":true},{"id":101868241,"price":"777.9000000000000000","qty":"107.58000000","quoteQty":"83393.57931300","time":1715001291106,"isBuyerMaker":true},{"id":101859186,"price":"805.0000000000000000","qty":"388.91000000","quoteQty":"312509.01941000","time":1714997931768,"isBuyerMaker":true},{"id":101859181,"price":"805.0000000000000000","qty":"655.39000000","quoteQty":"526639.28989000","time":1714997931152,"isBuyerMaker":true},{"id":101855456,"price":"807.8000000000000000","qty":"6861.40000000","quoteQty":"5542638.92000000","time":1714995649258,"isBuyerMaker":true},{"id":101853910,"price":"807.8000000000000000","qty":"646.82000000","quoteQty":"520672.44181400","time":1714994737563,"isBuyerMaker":true},{"id":101848317,"price":"808.6000000000000000","qty":"1236.70000000","quoteQty":"1232.37155000","time":1714992049593,"isBuyerMaker":false},{"id":101844290,"price":"811.9000000000000000","qty":"4383.00000000","quoteQty":"3552152.29614000","time":1714990190078,"isBuyerMaker":true},{"id":101844279,"price":"811.9000000000000000","qty":"5617.00000000","quoteQty":"4552233.50386000","time":1714990189735,"isBuyerMaker":true},{"id":101843649,"price":"810.4000000000000000","qty":"4444.00000000","quoteQty":"3594935.04832000","time":1714989847969,"isBuyerMaker":true},{"id":101842674,"price":"808.4000000000000000","qty":"5617.00000000","quoteQty":"4528068.60816000","time":1714989233317,"isBuyerMaker":true},{"id":101840863,"price":"812.5000000000000000","qty":"67.41000000","quoteQty":"54770.62500000","time":1714988117777,"isBuyerMaker":true},{"id":101827968,"price":"812.1000000000000000","qty":"1612.38000000","quoteQty":"1304830.84970700","time":1714983360888,"isBuyerMaker":true},{"id":101827967,"price":"813.1000000000000000","qty":"2524.00000000","quoteQty":"2045081.47460000","time":1714983360325,"isBuyerMaker":true},{"id":101827806,"price":"815.7000000000000000","qty":"561.72000000","quoteQty":"456591.32148600","time":1714983242026,"isBuyerMaker":true},{"id":101827062,"price":"813.0000000000000000","qty":"1790.80000000","quoteQty":"1451843.82288000","time":1714982807061,"isBuyerMaker":true},{"id":101824904,"price":"806.9000000000000000","qty":"3123.52000000","quoteQty":"2511546.99899200","time":1714981504818,"isBuyerMaker":true},{"id":101823448,"price":"808.9000000000000000","qty":"566.29000000","quoteQty":"456629.05425985","time":1714980570072,"isBuyerMaker":true},{"id":101823121,"price":"808.9000000000000000","qty":"10928.85000000","quoteQty":"8815593.79405800","time":1714980347049,"isBuyerMaker":true},{"id":101821748,"price":"823.0000000000000000","qty":"1624.43000000","quoteQty":"1336905.89000000","time":1714979489058,"isBuyerMaker":true},{"id":101819099,"price":"833.6000000000000000","qty":"3989.12000000","quoteQty":"3325330.43200000","time":1714977753406,"isBuyerMaker":true},{"id":101819098,"price":"824.0000000000000000","qty":"436.60000000","quoteQty":"359758.40000000","time":1714977753168,"isBuyerMaker":true},{"id":101819091,"price":"833.6000000000000000","qty":"648.79000000","quoteQty":"646.97338800","time":1714977746470,"isBuyerMaker":false},{"id":101811042,"price":"821.1000000000000000","qty":"502.07000000","quoteQty":"502.07000000","time":1714972122140,"isBuyerMaker":false},{"id":101811041,"price":"819.7000000000000000","qty":"118.07000000","quoteQty":"118.07000000","time":1714972121875,"isBuyerMaker":false},{"id":101810905,"price":"819.6000000000000000","qty":"3401.41000000","quoteQty":"3401.41000000","time":1714972032186,"isBuyerMaker":false},{"id":101810853,"price":"817.7000000000000000","qty":"1790.79000000","quoteQty":"1460228.86184760","time":1714972000315,"isBuyerMaker":true},{"id":101809167,"price":"812.2000000000000000","qty":"4565.95000000","quoteQty":"3698080.88914800","time":1714970904140,"isBuyerMaker":true},{"id":101809165,"price":"812.2000000000000000","qty":"3058.77000000","quoteQty":"2477376.86161680","time":1714970903770,"isBuyerMaker":true},{"id":101809131,"price":"812.2000000000000000","qty":"2541.57000000","quoteQty":"2058483.21716880","time":1714970883171,"isBuyerMaker":true},{"id":101809124,"price":"812.2000000000000000","qty":"3388.76000000","quoteQty":"2744644.28955840","time":1714970876546,"isBuyerMaker":true},{"id":101809108,"price":"812.7000000000000000","qty":"1154.37000000","quoteQty":"935529.66080280","time":1714970869826,"isBuyerMaker":true},{"id":101809095,"price":"812.7000000000000000","qty":"4903.13000000","quoteQty":"3973616.38449720","time":1714970856114,"isBuyerMaker":true},{"id":101808685,"price":"815.8000000000000000","qty":"11780.25000000","quoteQty":"9583419.03174000","time":1714970607179,"isBuyerMaker":true},{"id":101808684,"price":"815.9000000000000000","qty":"7832.30000000","quoteQty":"6372480.52400400","time":1714970607010,"isBuyerMaker":true},{"id":101806121,"price":"815.0000000000000000","qty":"4423.20000000","quoteQty":"4423.20000000","time":1714968772693,"isBuyerMaker":false},{"id":101806115,"price":"815.0000000000000000","qty":"1131.80000000","quoteQty":"1128.63096000","time":1714968762901,"isBuyerMaker":false},{"id":101805069,"price":"807.6000000000000000","qty":"5555.00000000","quoteQty":"4478142.80760000","time":1714968004718,"isBuyerMaker":true},{"id":101804738,"price":"807.6000000000000000","qty":"320.02000000","quoteQty":"257724.49717440","time":1714967759023,"isBuyerMaker":true},{"id":101803562,"price":"807.1000000000000000","qty":"117.84000000","quoteQty":"117.84000000","time":1714966947360,"isBuyerMaker":false},{"id":101803459,"price":"807.0000000000000000","qty":"5958.69000000","quoteQty":"4800007.23690600","time":1714966869957,"isBuyerMaker":true},{"id":101803293,"price":"807.1000000000000000","qty":"507.00000000","quoteQty":"407910.72094500","time":1714966748253,"isBuyerMaker":true},{"id":101798881,"price":"814.7000000000000000","qty":"704.91000000","quoteQty":"702.44281500","time":1714963622253,"isBuyerMaker":false},{"id":101798789,"price":"814.7000000000000000","qty":"320.92000000","quoteQty":"320.02142400","time":1714963550859,"isBuyerMaker":false},{"id":101793662,"price":"820.5000000000000000","qty":"1478.07000000","quoteQty":"1478.07000000","time":1714959772490,"isBuyerMaker":false},{"id":101793659,"price":"817.0000000000000000","qty":"1951.09000000","quoteQty":"1951.09000000","time":1714959768967,"isBuyerMaker":false},{"id":101793658,"price":"816.9000000000000000","qty":"4584.30000000","quoteQty":"4584.30000000","time":1714959768596,"isBuyerMaker":false},{"id":101780990,"price":"790.5000000000000000","qty":"110.98000000","quoteQty":"110.98000000","time":1714950682733,"isBuyerMaker":false},{"id":101780989,"price":"790.6000000000000000","qty":"1000.00000000","quoteQty":"1000.00000000","time":1714950682124,"isBuyerMaker":false},{"id":101780142,"price":"790.5000000000000000","qty":"2097.02000000","quoteQty":"1657694.31000000","time":1714949994503,"isBuyerMaker":true},{"id":101780104,"price":"790.5000000000000000","qty":"690.39000000","quoteQty":"688.45690800","time":1714949970626,"isBuyerMaker":false},{"id":101779645,"price":"777.1000000000000000","qty":"12555.00000000","quoteQty":"9738928.81710000","time":1714949621315,"isBuyerMaker":true},{"id":101779584,"price":"778.3000000000000000","qty":"619.10000000","quoteQty":"619.10000000","time":1714949585842,"isBuyerMaker":false},{"id":101779579,"price":"778.3000000000000000","qty":"2181.59000000","quoteQty":"1694875.22030540","time":1714949583641,"isBuyerMaker":true},{"id":101775081,"price":"778.0000000000000000","qty":"3381.75000000","quoteQty":"2624160.89610000","time":1714946329511,"isBuyerMaker":true},{"id":101769993,"price":"794.0000000000000000","qty":"377.84000000","quoteQty":"300004.96000000","time":1714942838961,"isBuyerMaker":true},{"id":101761739,"price":"787.2000000000000000","qty":"1270.33000000","quoteQty":"997803.76769280","time":1714937378673,"isBuyerMaker":true},{"id":101761376,"price":"787.2000000000000000","qty":"3145.35000000","quoteQty":"2468220.05851200","time":1714937137304,"isBuyerMaker":true},{"id":101761375,"price":"787.3000000000000000","qty":"7352.50000000","quoteQty":"5770389.08676250","time":1714937137020,"isBuyerMaker":true},{"id":101761374,"price":"787.4000000000000000","qty":"6057.50000000","quoteQty":"4754651.02217500","time":1714937136831,"isBuyerMaker":true},{"id":101761372,"price":"787.4000000000000000","qty":"580.00000000","quoteQty":"455253.42020000","time":1714937136610,"isBuyerMaker":true},{"id":101760028,"price":"784.4000000000000000","qty":"39679.06000000","quoteQty":"31043331.60187360","time":1714936283639,"isBuyerMaker":true},{"id":101760027,"price":"784.6000000000000000","qty":"4620.39000000","quoteQty":"3615732.58321560","time":1714936283471,"isBuyerMaker":true},{"id":101760026,"price":"784.7000000000000000","qty":"6587.39000000","quoteQty":"5155685.20817420","time":1714936283186,"isBuyerMaker":true},{"id":101760025,"price":"784.9000000000000000","qty":"2847.09000000","quoteQty":"2228870.77055340","time":1714936282938,"isBuyerMaker":true},{"id":101759583,"price":"784.9000000000000000","qty":"412.91000000","quoteQty":"322958.73329350","time":1714935992384,"isBuyerMaker":true},{"id":101759582,"price":"790.0000000000000000","qty":"67.10000000","quoteQty":"52823.46850000","time":1714935991795,"isBuyerMaker":true},{"id":101758350,"price":"794.0000000000000000","qty":"64.00000000","quoteQty":"63.77600000","time":1714935213489,"isBuyerMaker":false},{"id":101757602,"price":"790.0000000000000000","qty":"439.25000000","quoteQty":"439.25000000","time":1714934828155,"isBuyerMaker":false},{"id":101757549,"price":"790.0000000000000000","qty":"601.11000000","quoteQty":"600.02800200","time":1714934799887,"isBuyerMaker":false},{"id":101757537,"price":"790.0000000000000000","qty":"601.11000000","quoteQty":"600.02800200","time":1714934794045,"isBuyerMaker":false},{"id":101757511,"price":"790.0000000000000000","qty":"601.11000000","quoteQty":"600.02800200","time":1714934786622,"isBuyerMaker":false},{"id":101757509,"price":"790.0000000000000000","qty":"3514.00000000","quoteQty":"3514.00000000","time":1714934784324,"isBuyerMaker":false},{"id":101757499,"price":"790.0000000000000000","qty":"189.51000000","quoteQty":"189.16888200","time":1714934779117,"isBuyerMaker":false},{"id":101757495,"price":"790.0000000000000000","qty":"411.60000000","quoteQty":"410.85912000","time":1714934778424,"isBuyerMaker":false},{"id":101757482,"price":"790.0000000000000000","qty":"400.00000000","quoteQty":"315431.20000000","time":1714934766429,"isBuyerMaker":true},{"id":101757429,"price":"790.2000000000000000","qty":"3700.59000000","quoteQty":"2918942.64680760","time":1714934731507,"isBuyerMaker":true},{"id":101757302,"price":"789.3000000000000000","qty":"660.00000000","quoteQty":"519583.56120000","time":1714934652517,"isBuyerMaker":true},{"id":101754199,"price":"802.0000000000000000","qty":"1772.63000000","quoteQty":"1767.66663600","time":1714932878983,"isBuyerMaker":false},{"id":101752945,"price":"801.1000000000000000","qty":"4117.81000000","quoteQty":"3298777.59100000","time":1714932277402,"isBuyerMaker":true},{"id":101752860,"price":"801.1000000000000000","qty":"657.80000000","quoteQty":"526963.58000000","time":1714932219737,"isBuyerMaker":true},{"id":101752796,"price":"801.1000000000000000","qty":"357.10000000","quoteQty":"286072.81000000","time":1714932172571,"isBuyerMaker":true},{"id":101752703,"price":"801.1000000000000000","qty":"468.20000000","quoteQty":"375075.02000000","time":1714932116061,"isBuyerMaker":true},{"id":101752608,"price":"801.1000000000000000","qty":"357.10000000","quoteQty":"286072.81000000","time":1714932059654,"isBuyerMaker":true},{"id":101751573,"price":"801.1000000000000000","qty":"405.19000000","quoteQty":"404.31478960","time":1714931437697,"isBuyerMaker":false},{"id":101750518,"price":"812.7000000000000000","qty":"3250.77000000","quoteQty":"3241.66784400","time":1714930628007,"isBuyerMaker":false},{"id":101746800,"price":"777.1000000000000000","qty":"7290.45000000","quoteQty":"7290.45000000","time":1714928491916,"isBuyerMaker":false},{"id":101743505,"price":"783.0000000000000000","qty":"16536.40000000","quoteQty":"16500.01992000","time":1714926345598,"isBuyerMaker":false},{"id":101743452,"price":"782.9000000000000000","qty":"5197.60000000","quoteQty":"4069201.04000000","time":1714926312337,"isBuyerMaker":true},{"id":101743449,"price":"782.9000000000000000","qty":"5197.60000000","quoteQty":"4069201.04000000","time":1714926308755,"isBuyerMaker":true},{"id":101743448,"price":"782.9000000000000000","qty":"1332.79000000","quoteQty":"1329.85786200","time":1714926306340,"isBuyerMaker":false},{"id":101743342,"price":"776.0000000000000000","qty":"5393.79000000","quoteQty":"5381.92366200","time":1714926236100,"isBuyerMaker":false},{"id":101728990,"price":"774.4000000000000000","qty":"64.57000000","quoteQty":"50003.00800000","time":1714917416692,"isBuyerMaker":true},{"id":101728989,"price":"774.4000000000000000","qty":"64.57000000","quoteQty":"50003.00800000","time":1714917416049,"isBuyerMaker":true},{"id":101728435,"price":"777.7000000000000000","qty":"128.59000000","quoteQty":"128.13993500","time":1714917059397,"isBuyerMaker":false},{"id":101728319,"price":"781.6000000000000000","qty":"127.95000000","quoteQty":"127.50217500","time":1714916983864,"isBuyerMaker":false},{"id":101727823,"price":"778.1000000000000000","qty":"64.26000000","quoteQty":"64.03509000","time":1714916715548,"isBuyerMaker":false},{"id":101725222,"price":"770.0000000000000000","qty":"1207.30000000","quoteQty":"1207.30000000","time":1714915284956,"isBuyerMaker":false},{"id":101725132,"price":"770.0000000000000000","qty":"5286.20000000","quoteQty":"5286.20000000","time":1714915229210,"isBuyerMaker":false},{"id":101724459,"price":"772.0000000000000000","qty":"6078.20000000","quoteQty":"4692370.40000000","time":1714914823413,"isBuyerMaker":true},{"id":101723580,"price":"773.1000000000000000","qty":"2743.79000000","quoteQty":"2121224.04900000","time":1714914254886,"isBuyerMaker":true},{"id":101723054,"price":"776.1000000000000000","qty":"64.43000000","quoteQty":"50004.12300000","time":1714913901675,"isBuyerMaker":true},{"id":101717125,"price":"776.1000000000000000","qty":"6057.00000000","quoteQty":"4692376.19214000","time":1714910043518,"isBuyerMaker":true},{"id":101717034,"price":"776.7000000000000000","qty":"2736.00000000","quoteQty":"2121226.10784000","time":1714909992511,"isBuyerMaker":true},{"id":101716336,"price":"779.5000000000000000","qty":"1570.79000000","quoteQty":"1570.79000000","time":1714909525181,"isBuyerMaker":false},{"id":101715755,"price":"779.4000000000000000","qty":"320.09000000","quoteQty":"320.09000000","time":1714909158885,"isBuyerMaker":false},{"id":101715194,"price":"779.5000000000000000","qty":"3823.00000000","quoteQty":"2969598.40025000","time":1714908801418,"isBuyerMaker":true},{"id":101713058,"price":"779.5000000000000000","qty":"595.39000000","quoteQty":"593.72290800","time":1714907380546,"isBuyerMaker":false},{"id":101711605,"price":"773.0000000000000000","qty":"3409.60000000","quoteQty":"2635620.80000000","time":1714906409742,"isBuyerMaker":true},{"id":101711541,"price":"775.0000000000000000","qty":"128.84000000","quoteQty":"99851.00000000","time":1714906367498,"isBuyerMaker":true},{"id":101710162,"price":"775.0000000000000000","qty":"300.00000000","quoteQty":"232500.00000000","time":1714905514614,"isBuyerMaker":true},{"id":101709906,"price":"778.7000000000000000","qty":"19.08000000","quoteQty":"14857.59600000","time":1714905352671,"isBuyerMaker":true},{"id":101709856,"price":"778.7000000000000000","qty":"712.00000000","quoteQty":"554434.40000000","time":1714905322294,"isBuyerMaker":true},{"id":101709679,"price":"778.7000000000000000","qty":"2897.90000000","quoteQty":"2256594.73000000","time":1714905195938,"isBuyerMaker":true},{"id":101708728,"price":"778.7000000000000000","qty":"13704.80000000","quoteQty":"10671927.76000000","time":1714904779842,"isBuyerMaker":true},{"id":101708639,"price":"778.7000000000000000","qty":"8571.00000000","quoteQty":"6674237.70000000","time":1714904723670,"isBuyerMaker":true},{"id":101708480,"price":"778.7000000000000000","qty":"8946.20000000","quoteQty":"6966405.94000000","time":1714904617767,"isBuyerMaker":true},{"id":101707734,"price":"778.7000000000000000","qty":"19262.88000000","quoteQty":"14967604.64594304","time":1714904205415,"isBuyerMaker":true},{"id":101707715,"price":"780.4000000000000000","qty":"320.99000000","quoteQty":"320.09122800","time":1714904176403,"isBuyerMaker":false},{"id":101705902,"price":"778.7000000000000000","qty":"5319.00000000","quoteQty":"4127408.63145000","time":1714902875574,"isBuyerMaker":true},{"id":101701017,"price":"777.8000000000000000","qty":"935.14000000","quoteQty":"725315.30670240","time":1714899628525,"isBuyerMaker":true},{"id":101700361,"price":"779.1000000000000000","qty":"3635.11000000","quoteQty":"2822768.22413670","time":1714899207203,"isBuyerMaker":true},{"id":101700360,"price":"779.1000000000000000","qty":"364.89000000","quoteQty":"283347.65586330","time":1714899206886,"isBuyerMaker":true},{"id":101694315,"price":"773.0000000000000000","qty":"365.60000000","quoteQty":"365.60000000","time":1714895557023,"isBuyerMaker":false},{"id":101694310,"price":"773.0000000000000000","qty":"1203.00000000","quoteQty":"926850.26730000","time":1714895551815,"isBuyerMaker":true},{"id":101694081,"price":"782.0000000000000000","qty":"3743.34000000","quoteQty":"2927291.88000000","time":1714895415100,"isBuyerMaker":true},{"id":101693810,"price":"786.2000000000000000","qty":"13423.79000000","quoteQty":"10553783.69800000","time":1714895257920,"isBuyerMaker":true},{"id":101693809,"price":"783.0000000000000000","qty":"2657.02000000","quoteQty":"2080446.66000000","time":1714895257736,"isBuyerMaker":true},{"id":101693807,"price":"782.0000000000000000","qty":"1577.49000000","quoteQty":"1233597.18000000","time":1714895257558,"isBuyerMaker":true},{"id":101693803,"price":"786.2000000000000000","qty":"15864.00000000","quoteQty":"15829.73376000","time":1714895252474,"isBuyerMaker":false},{"id":101693801,"price":"786.2000000000000000","qty":"6057.50000000","quoteQty":"6044.41580000","time":1714895252271,"isBuyerMaker":false},{"id":101693239,"price":"780.0000000000000000","qty":"143.30000000","quoteQty":"111382.79100000","time":1714894953580,"isBuyerMaker":true},{"id":101691762,"price":"788.5000000000000000","qty":"602.22000000","quoteQty":"601.13600400","time":1714894107775,"isBuyerMaker":false},{"id":101691725,"price":"784.1000000000000000","qty":"2979.64000000","quoteQty":"2974.27664800","time":1714894072838,"isBuyerMaker":false},{"id":101683578,"price":"770.0000000000000000","qty":"259.75000000","quoteQty":"258.84087500","time":1714889036927,"isBuyerMaker":false},{"id":101683050,"price":"770.0000000000000000","qty":"4150.91000000","quoteQty":"4136.38181500","time":1714888711629,"isBuyerMaker":false},{"id":101681899,"price":"777.6000000000000000","qty":"2019.41000000","quoteQty":"2013.75565200","time":1714888024530,"isBuyerMaker":false},{"id":101679706,"price":"756.1000000000000000","qty":"1255.97000000","quoteQty":"946979.92803240","time":1714886558318,"isBuyerMaker":true},{"id":101679173,"price":"762.5000000000000000","qty":"2690.52000000","quoteQty":"2051521.50000000","time":1714886212844,"isBuyerMaker":true},{"id":101679107,"price":"762.5000000000000000","qty":"289.40000000","quoteQty":"220667.50000000","time":1714886166999,"isBuyerMaker":true},{"id":101678003,"price":"762.5000000000000000","qty":"1304.03000000","quoteQty":"1300.74384440","time":1714885482442,"isBuyerMaker":false},{"id":101676350,"price":"755.0000000000000000","qty":"16228.09000000","quoteQty":"12252207.95000000","time":1714884355623,"isBuyerMaker":true},{"id":101676256,"price":"755.0000000000000000","qty":"1529.40000000","quoteQty":"1154697.00000000","time":1714884298502,"isBuyerMaker":true},{"id":101676239,"price":"755.0000000000000000","qty":"2307.09000000","quoteQty":"1741852.95000000","time":1714884283815,"isBuyerMaker":true},{"id":101676234,"price":"755.0000000000000000","qty":"1210.70000000","quoteQty":"914078.50000000","time":1714884283299,"isBuyerMaker":true},{"id":101676233,"price":"755.0000000000000000","qty":"2079.09000000","quoteQty":"1569712.95000000","time":1714884282410,"isBuyerMaker":true},{"id":101675916,"price":"757.0000000000000000","qty":"800.54000000","quoteQty":"606008.78000000","time":1714884054544,"isBuyerMaker":true},{"id":101675441,"price":"755.0000000000000000","qty":"1182.90000000","quoteQty":"893089.50000000","time":1714883729080,"isBuyerMaker":true},{"id":101672260,"price":"755.0000000000000000","qty":"7968.81000000","quoteQty":"7968.81000000","time":1714881669661,"isBuyerMaker":false},{"id":101670920,"price":"755.0000000000000000","qty":"5337.75000000","quoteQty":"5319.06787500","time":1714880869083,"isBuyerMaker":false},{"id":101670550,"price":"750.0000000000000000","qty":"5920.09000000","quoteQty":"5920.09000000","time":1714880646158,"isBuyerMaker":false},{"id":101670518,"price":"750.0000000000000000","qty":"133.34000000","quoteQty":"99724.98600000","time":1714880633642,"isBuyerMaker":true},{"id":101668702,"price":"767.0000000000000000","qty":"81.71000000","quoteQty":"81.42401500","time":1714879451433,"isBuyerMaker":false},{"id":101667747,"price":"772.0000000000000000","qty":"64.77000000","quoteQty":"50002.44000000","time":1714878752253,"isBuyerMaker":true},{"id":101663652,"price":"772.0000000000000000","qty":"2202.08000000","quoteQty":"2194.81313600","time":1714875995844,"isBuyerMaker":false},{"id":101663164,"price":"772.0000000000000000","qty":"7000.83000000","quoteQty":"6981.22767600","time":1714875669648,"isBuyerMaker":false},{"id":101663144,"price":"772.0000000000000000","qty":"2333.61000000","quoteQty":"2327.07589200","time":1714875655544,"isBuyerMaker":false},{"id":101663018,"price":"772.0000000000000000","qty":"3111.48000000","quoteQty":"3102.76785600","time":1714875559223,"isBuyerMaker":false},{"id":101662996,"price":"772.0000000000000000","qty":"4148.64000000","quoteQty":"4137.02380800","time":1714875542213,"isBuyerMaker":false},{"id":101662971,"price":"772.0000000000000000","qty":"5531.52000000","quoteQty":"5516.03174400","time":1714875533553,"isBuyerMaker":false},{"id":101662942,"price":"772.0000000000000000","qty":"7375.35000000","quoteQty":"7354.69902000","time":1714875515096,"isBuyerMaker":false},{"id":101662926,"price":"772.0000000000000000","qty":"9833.81000000","quoteQty":"9806.27533200","time":1714875500293,"isBuyerMaker":false},{"id":101657974,"price":"760.0000000000000000","qty":"65.79000000","quoteQty":"50000.40000000","time":1714872905767,"isBuyerMaker":true},{"id":101657970,"price":"760.0000000000000000","qty":"131.58000000","quoteQty":"100000.80000000","time":1714872903969,"isBuyerMaker":true},{"id":101657120,"price":"767.0000000000000000","qty":"1223.36000000","quoteQty":"938317.12000000","time":1714872432064,"isBuyerMaker":true},{"id":101655953,"price":"770.0000000000000000","qty":"2354.66000000","quoteQty":"1813088.20000000","time":1714871941660,"isBuyerMaker":true},{"id":101655829,"price":"770.0000000000000000","qty":"4005.90000000","quoteQty":"3084543.00000000","time":1714871875682,"isBuyerMaker":true},{"id":101654347,"price":"772.0000000000000000","qty":"1494.22000000","quoteQty":"1153537.84000000","time":1714871030267,"isBuyerMaker":true},{"id":101654287,"price":"772.0000000000000000","qty":"1998.90000000","quoteQty":"1543150.80000000","time":1714870984442,"isBuyerMaker":true},{"id":101653488,"price":"782.0000000000000000","qty":"460.67000000","quoteQty":"360243.94000000","time":1714870434414,"isBuyerMaker":true},{"id":101653095,"price":"784.1000000000000000","qty":"255.07000000","quoteQty":"199380.38580030","time":1714870166052,"isBuyerMaker":true},{"id":101652839,"price":"785.0000000000000000","qty":"8333.70000000","quoteQty":"6530178.98190000","time":1714869966501,"isBuyerMaker":true},{"id":101652579,"price":"788.0000000000000000","qty":"1157.90000000","quoteQty":"1157.90000000","time":1714869832918,"isBuyerMaker":false},{"id":101652511,"price":"788.0000000000000000","qty":"1711.09000000","quoteQty":"1344159.06934800","time":1714869812778,"isBuyerMaker":true},{"id":101651287,"price":"798.0000000000000000","qty":"3379.30000000","quoteQty":"2696681.40000000","time":1714869050509,"isBuyerMaker":true},{"id":101651284,"price":"794.5000000000000000","qty":"62.94000000","quoteQty":"50005.83000000","time":1714869050099,"isBuyerMaker":true},{"id":101651247,"price":"799.0000000000000000","qty":"1928.95000000","quoteQty":"1541231.05000000","time":1714869014660,"isBuyerMaker":true},{"id":101651014,"price":"799.0000000000000000","qty":"2735.50000000","quoteQty":"2185664.50000000","time":1714868836800,"isBuyerMaker":true},{"id":101650916,"price":"799.0000000000000000","qty":"1151.10000000","quoteQty":"919728.90000000","time":1714868760772,"isBuyerMaker":true},{"id":101649355,"price":"805.0000000000000000","qty":"1275.59000000","quoteQty":"1026849.95000000","time":1714867670023,"isBuyerMaker":true},{"id":101649335,"price":"805.0000000000000000","qty":"399.37000000","quoteQty":"398.65113400","time":1714867661969,"isBuyerMaker":false},{"id":101649320,"price":"805.0000000000000000","qty":"92.82000000","quoteQty":"92.65292400","time":1714867642833,"isBuyerMaker":false},{"id":101649312,"price":"805.0000000000000000","qty":"92.81000000","quoteQty":"92.64294200","time":1714867635713,"isBuyerMaker":false},{"id":101649282,"price":"804.9000000000000000","qty":"3164.69000000","quoteQty":"3158.99355800","time":1714867619785,"isBuyerMaker":false},{"id":101649119,"price":"804.9000000000000000","qty":"12307.41000000","quoteQty":"12269.25702900","time":1714867493865,"isBuyerMaker":false},{"id":101649118,"price":"804.7000000000000000","qty":"114.00000000","quoteQty":"113.64660000","time":1714867493370,"isBuyerMaker":false},{"id":101648888,"price":"800.5000000000000000","qty":"2414.30000000","quoteQty":"2409.08511200","time":1714867322062,"isBuyerMaker":false},{"id":101646681,"price":"794.5000000000000000","qty":"1256.40000000","quoteQty":"1254.13848000","time":1714865707950,"isBuyerMaker":false},{"id":101646645,"price":"794.5000000000000000","qty":"3707.58000000","quoteQty":"3700.90635600","time":1714865683476,"isBuyerMaker":false},{"id":101646576,"price":"794.4000000000000000","qty":"3560.00000000","quoteQty":"3553.59200000","time":1714865634615,"isBuyerMaker":false},{"id":101646547,"price":"794.3000000000000000","qty":"1233.40000000","quoteQty":"1231.17988000","time":1714865611680,"isBuyerMaker":false},{"id":101645426,"price":"792.7000000000000000","qty":"873.76000000","quoteQty":"871.48822400","time":1714864818829,"isBuyerMaker":false},{"id":101644130,"price":"796.3000000000000000","qty":"2516.81000000","quoteQty":"2510.26629400","time":1714863888273,"isBuyerMaker":false},{"id":101644120,"price":"796.3000000000000000","qty":"728.20000000","quoteQty":"725.65130000","time":1714863878622,"isBuyerMaker":false},{"id":101643721,"price":"796.3000000000000000","qty":"2511.61000000","quoteQty":"2503.32168700","time":1714863604762,"isBuyerMaker":false},{"id":101642977,"price":"789.0000000000000000","qty":"1711.43000000","quoteQty":"1346807.44249800","time":1714863092177,"isBuyerMaker":true},{"id":101641652,"price":"791.1000000000000000","qty":"235.50000000","quoteQty":"235.50000000","time":1714862266154,"isBuyerMaker":false},{"id":101641634,"price":"791.0000000000000000","qty":"1376.00000000","quoteQty":"1085586.11840000","time":1714862259135,"isBuyerMaker":true},{"id":101641609,"price":"791.1000000000000000","qty":"235.50000000","quoteQty":"185819.65947000","time":1714862245006,"isBuyerMaker":true},{"id":101641604,"price":"794.4000000000000000","qty":"106.28000000","quoteQty":"84209.31703680","time":1714862238783,"isBuyerMaker":true},{"id":101639965,"price":"794.4000000000000000","qty":"1504.58000000","quoteQty":"1195238.35200000","time":1714861096024,"isBuyerMaker":true},{"id":101639964,"price":"790.0000000000000000","qty":"760.00000000","quoteQty":"600400.00000000","time":1714861095360,"isBuyerMaker":true},{"id":101639938,"price":"794.4000000000000000","qty":"3502.00000000","quoteQty":"2781988.80000000","time":1714861064877,"isBuyerMaker":true},{"id":101636703,"price":"790.0000000000000000","qty":"636.90000000","quoteQty":"502245.32820000","time":1714858875302,"isBuyerMaker":true},{"id":101636261,"price":"796.8000000000000000","qty":"15589.07000000","quoteQty":"12421370.97600000","time":1714858622520,"isBuyerMaker":true},{"id":101636257,"price":"797.3000000000000000","qty":"10000.00000000","quoteQty":"7973000.00000000","time":1714858621953,"isBuyerMaker":true},{"id":101636255,"price":"801.6000000000000000","qty":"10000.00000000","quoteQty":"8016000.00000000","time":1714858621638,"isBuyerMaker":true},{"id":101636253,"price":"795.0000000000000000","qty":"1953.10000000","quoteQty":"1552714.50000000","time":1714858621108,"isBuyerMaker":true},{"id":101636237,"price":"803.0000000000000000","qty":"16654.42000000","quoteQty":"13373499.26000000","time":1714858619026,"isBuyerMaker":true},{"id":101636232,"price":"803.0000000000000000","qty":"1189.79000000","quoteQty":"955401.37000000","time":1714858617594,"isBuyerMaker":true},{"id":101636225,"price":"803.0000000000000000","qty":"335.80000000","quoteQty":"269647.40000000","time":1714858616003,"isBuyerMaker":true},{"id":101636170,"price":"804.0000000000000000","qty":"6754.31000000","quoteQty":"5430465.24000000","time":1714858590754,"isBuyerMaker":true},{"id":101636169,"price":"803.0000000000000000","qty":"1819.99000000","quoteQty":"1461451.97000000","time":1714858590380,"isBuyerMaker":true},{"id":101633291,"price":"804.0000000000000000","qty":"1240.39000000","quoteQty":"994182.01196400","time":1714856684882,"isBuyerMaker":true},{"id":101633279,"price":"804.0000000000000000","qty":"2005.30000000","quoteQty":"1612261.20000000","time":1714856678414,"isBuyerMaker":true},{"id":101632866,"price":"806.3000000000000000","qty":"1000.00000000","quoteQty":"997.20000000","time":1714856389727,"isBuyerMaker":false},{"id":101632099,"price":"801.6000000000000000","qty":"7237.81000000","quoteQty":"7237.81000000","time":1714855891598,"isBuyerMaker":false},{"id":101632098,"price":"811.9000000000000000","qty":"1616.00000000","quoteQty":"1616.00000000","time":1714855891415,"isBuyerMaker":false},{"id":101632097,"price":"811.7000000000000000","qty":"114.00000000","quoteQty":"114.00000000","time":1714855891145,"isBuyerMaker":false},{"id":101632084,"price":"801.6000000000000000","qty":"4764.30000000","quoteQty":"3808369.50393600","time":1714855881177,"isBuyerMaker":true},{"id":101630862,"price":"809.8000000000000000","qty":"13.86000000","quoteQty":"11223.82800000","time":1714855094577,"isBuyerMaker":true},{"id":101630604,"price":"809.8000000000000000","qty":"2122.50000000","quoteQty":"1718800.50000000","time":1714854932812,"isBuyerMaker":true},{"id":101630530,"price":"809.8000000000000000","qty":"459.00000000","quoteQty":"371698.20000000","time":1714854882048,"isBuyerMaker":true},{"id":101630441,"price":"809.8000000000000000","qty":"2776.10000000","quoteQty":"2248085.78000000","time":1714854823267,"isBuyerMaker":true},{"id":101627373,"price":"815.8000000000000000","qty":"2406.19000000","quoteQty":"2399.45266800","time":1714852939405,"isBuyerMaker":false},{"id":101625903,"price":"809.8000000000000000","qty":"246.98000000","quoteQty":"199304.38858600","time":1714852027813,"isBuyerMaker":true},{"id":101625260,"price":"809.8000000000000000","qty":"129.86000000","quoteQty":"104792.56580200","time":1714851583441,"isBuyerMaker":true},{"id":101623652,"price":"806.7000000000000000","qty":"2528.40000000","quoteQty":"2034520.33609440","time":1714850454948,"isBuyerMaker":true},{"id":101621273,"price":"803.7000000000000000","qty":"667.75000000","quoteQty":"665.67997500","time":1714848928470,"isBuyerMaker":false},{"id":101621272,"price":"803.6000000000000000","qty":"576.50000000","quoteQty":"574.71285000","time":1714848927930,"isBuyerMaker":false},{"id":101620033,"price":"805.0000000000000000","qty":"7239.64000000","quoteQty":"5827910.20000000","time":1714848091992,"isBuyerMaker":true},{"id":101619887,"price":"805.0000000000000000","qty":"834.30000000","quoteQty":"671611.50000000","time":1714848002453,"isBuyerMaker":true},{"id":101619873,"price":"805.0000000000000000","qty":"3958.63000000","quoteQty":"3947.54583600","time":1714847990714,"isBuyerMaker":false},{"id":101618700,"price":"805.0000000000000000","qty":"66.90000000","quoteQty":"53714.47830000","time":1714847288432,"isBuyerMaker":true},{"id":101615126,"price":"805.0000000000000000","qty":"2004.51000000","quoteQty":"1613630.55000000","time":1714845157757,"isBuyerMaker":true},{"id":101615125,"price":"804.3000000000000000","qty":"248.67000000","quoteQty":"200005.28100000","time":1714845157458,"isBuyerMaker":true},{"id":101614856,"price":"805.0000000000000000","qty":"4079.20000000","quoteQty":"3283756.00000000","time":1714845004491,"isBuyerMaker":true},{"id":101611229,"price":"811.8000000000000000","qty":"1091.49000000","quoteQty":"883945.01020320","time":1714842933220,"isBuyerMaker":true},{"id":101610570,"price":"809.3000000000000000","qty":"74.60000000","quoteQty":"60204.73341600","time":1714842498868,"isBuyerMaker":true},{"id":101610569,"price":"809.3000000000000000","qty":"2925.40000000","quoteQty":"2360897.14658400","time":1714842498566,"isBuyerMaker":true},{"id":101606574,"price":"815.0000000000000000","qty":"1122.00000000","quoteQty":"1122.00000000","time":1714839994987,"isBuyerMaker":false},{"id":101605353,"price":"807.7000000000000000","qty":"2419.58000000","quoteQty":"1948822.74065520","time":1714839210110,"isBuyerMaker":true},{"id":101602993,"price":"815.0000000000000000","qty":"683.38000000","quoteQty":"683.38000000","time":1714837897292,"isBuyerMaker":false},{"id":101602878,"price":"815.0000000000000000","qty":"2997.60000000","quoteQty":"2997.60000000","time":1714837823377,"isBuyerMaker":false},{"id":101600219,"price":"812.0000000000000000","qty":"17.75000000","quoteQty":"17.75000000","time":1714836311320,"isBuyerMaker":false},{"id":101600108,"price":"812.0000000000000000","qty":"182.25000000","quoteQty":"147498.64290000","time":1714836235169,"isBuyerMaker":true},{"id":101593419,"price":"811.0000000000000000","qty":"2741.05000000","quoteQty":"2222991.55000000","time":1714831837476,"isBuyerMaker":true},{"id":101593400,"price":"811.0000000000000000","qty":"278.30000000","quoteQty":"225701.30000000","time":1714831831151,"isBuyerMaker":true},{"id":101592574,"price":"822.0000000000000000","qty":"1093.68000000","quoteQty":"899004.96000000","time":1714831330976,"isBuyerMaker":true},{"id":101589870,"price":"822.0000000000000000","qty":"2978.95000000","quoteQty":"2448696.90000000","time":1714829880017,"isBuyerMaker":true},{"id":101586160,"price":"826.5000000000000000","qty":"126.55000000","quoteQty":"104227.49748750","time":1714828153319,"isBuyerMaker":true},{"id":101586159,"price":"824.2000000000000000","qty":"64.52000000","quoteQty":"52991.26315600","time":1714828152910,"isBuyerMaker":true},{"id":101582898,"price":"821.2000000000000000","qty":"2425.57000000","quoteQty":"1986300.82536480","time":1714826948098,"isBuyerMaker":true},{"id":101582897,"price":"821.4000000000000000","qty":"2964.30000000","quoteQty":"2428058.36714400","time":1714826946862,"isBuyerMaker":true},{"id":101582890,"price":"821.5000000000000000","qty":"53763.00000000","quoteQty":"53763.00000000","time":1714826939204,"isBuyerMaker":false},{"id":101582889,"price":"832.1000000000000000","qty":"2156.19000000","quoteQty":"2156.19000000","time":1714826938606,"isBuyerMaker":false},{"id":101582888,"price":"832.1000000000000000","qty":"2509.30000000","quoteQty":"2509.30000000","time":1714826938058,"isBuyerMaker":false},{"id":101582887,"price":"831.3000000000000000","qty":"418.30000000","quoteQty":"418.30000000","time":1714826937770,"isBuyerMaker":false},{"id":101582842,"price":"821.5000000000000000","qty":"578.06000000","quoteQty":"577.01949200","time":1714826908261,"isBuyerMaker":false},{"id":101582828,"price":"821.5000000000000000","qty":"578.06000000","quoteQty":"577.01949200","time":1714826901860,"isBuyerMaker":false},{"id":101582826,"price":"821.5000000000000000","qty":"1735.59000000","quoteQty":"1421367.24472650","time":1714826898822,"isBuyerMaker":true},{"id":101582328,"price":"825.3000000000000000","qty":"3560.00000000","quoteQty":"3560.00000000","time":1714826569445,"isBuyerMaker":false},{"id":101577221,"price":"825.3000000000000000","qty":"853.10000000","quoteQty":"704063.43000000","time":1714823506560,"isBuyerMaker":true},{"id":101577219,"price":"825.4000000000000000","qty":"1129.20000000","quoteQty":"932041.68000000","time":1714823505591,"isBuyerMaker":true},{"id":101577216,"price":"833.7000000000000000","qty":"7499.96000000","quoteQty":"6252716.65200000","time":1714823504752,"isBuyerMaker":true},{"id":101577027,"price":"833.7000000000000000","qty":"44989.50000000","quoteQty":"37507746.15000000","time":1714823447018,"isBuyerMaker":true},{"id":101576943,"price":"833.7000000000000000","qty":"2226.00000000","quoteQty":"1855816.20000000","time":1714823390288,"isBuyerMaker":true},{"id":101576128,"price":"833.7000000000000000","qty":"5258.14000000","quoteQty":"4369245.07065060","time":1714823066603,"isBuyerMaker":true},{"id":101575947,"price":"835.0000000000000000","qty":"59.89000000","quoteQty":"59.68038500","time":1714822972201,"isBuyerMaker":false},{"id":101573997,"price":"830.0000000000000000","qty":"60.25000000","quoteQty":"60.25000000","time":1714821924896,"isBuyerMaker":false},{"id":101572966,"price":"830.0000000000000000","qty":"836.18000000","quoteQty":"694029.40000000","time":1714821310384,"isBuyerMaker":true},{"id":101572850,"price":"830.0000000000000000","qty":"1821.70000000","quoteQty":"1512011.00000000","time":1714821252420,"isBuyerMaker":true},{"id":101566851,"price":"822.4000000000000000","qty":"8916.15000000","quoteQty":"8896.53447000","time":1714818985484,"isBuyerMaker":false},{"id":101566801,"price":"821.8000000000000000","qty":"29784.62000000","quoteQty":"24477000.71600000","time":1714818942795,"isBuyerMaker":true},{"id":101566800,"price":"810.2000000000000000","qty":"294.00000000","quoteQty":"238198.80000000","time":1714818942278,"isBuyerMaker":true},{"id":101566752,"price":"821.8000000000000000","qty":"15447.60000000","quoteQty":"15396.62292000","time":1714818914756,"isBuyerMaker":false},{"id":101566748,"price":"821.8000000000000000","qty":"3807.69000000","quoteQty":"3795.12462300","time":1714818913528,"isBuyerMaker":false},{"id":101566249,"price":"821.5000000000000000","qty":"756.10000000","quoteQty":"621136.15000000","time":1714818634358,"isBuyerMaker":true},{"id":101566219,"price":"821.5000000000000000","qty":"945.50000000","quoteQty":"943.04170000","time":1714818612858,"isBuyerMaker":false},{"id":101565569,"price":"814.6000000000000000","qty":"620.66000000","quoteQty":"619.09593680","time":1714818216328,"isBuyerMaker":false},{"id":101565565,"price":"814.6000000000000000","qty":"10427.70000000","quoteQty":"10401.42219600","time":1714818216107,"isBuyerMaker":false},{"id":101565226,"price":"814.1000000000000000","qty":"639.78000000","quoteQty":"520844.89800000","time":1714817975717,"isBuyerMaker":true},{"id":101565204,"price":"814.1000000000000000","qty":"307.69000000","quoteQty":"306.89000600","time":1714817960362,"isBuyerMaker":false},{"id":101565203,"price":"814.1000000000000000","qty":"1386.40000000","quoteQty":"1382.79536000","time":1714817960095,"isBuyerMaker":false},{"id":101564663,"price":"815.1000000000000000","qty":"269.20000000","quoteQty":"219424.92000000","time":1714817637117,"isBuyerMaker":true},{"id":101564630,"price":"815.1000000000000000","qty":"11089.89000000","quoteQty":"11053.29336300","time":1714817614236,"isBuyerMaker":false},{"id":101562140,"price":"807.0000000000000000","qty":"25556.00000000","quoteQty":"25500.79904000","time":1714815985144,"isBuyerMaker":false},{"id":101561209,"price":"807.0000000000000000","qty":"1858.74000000","quoteQty":"1852.23441000","time":1714815356194,"isBuyerMaker":false},{"id":101554465,"price":"805.0000000000000000","qty":"700.17000000","quoteQty":"561889.57576500","time":1714811017355,"isBuyerMaker":true},{"id":101554457,"price":"809.9000000000000000","qty":"8427.06000000","quoteQty":"6825075.89400000","time":1714811014122,"isBuyerMaker":true},{"id":101554456,"price":"809.9000000000000000","qty":"18001.29000000","quoteQty":"14579244.77100000","time":1714811013642,"isBuyerMaker":true},{"id":101554455,"price":"809.9000000000000000","qty":"2858.90000000","quoteQty":"2315423.11000000","time":1714811013035,"isBuyerMaker":true},{"id":101554454,"price":"809.9000000000000000","qty":"2078.09000000","quoteQty":"1683045.09100000","time":1714811012112,"isBuyerMaker":true},{"id":101554410,"price":"809.9000000000000000","qty":"1839.60000000","quoteQty":"1489892.04000000","time":1714810987181,"isBuyerMaker":true},{"id":101554349,"price":"809.9000000000000000","qty":"318.70000000","quoteQty":"258115.13000000","time":1714810943646,"isBuyerMaker":true},{"id":101554140,"price":"809.9000000000000000","qty":"2525.09000000","quoteQty":"2519.63580560","time":1714810812871,"isBuyerMaker":false},{"id":101554119,"price":"809.8000000000000000","qty":"2119.59000000","quoteQty":"2115.01168560","time":1714810795667,"isBuyerMaker":false},{"id":101553128,"price":"808.9000000000000000","qty":"414.98000000","quoteQty":"413.52757000","time":1714810168439,"isBuyerMaker":false},{"id":101553127,"price":"808.8000000000000000","qty":"2181.40000000","quoteQty":"2173.76510000","time":1714810168202,"isBuyerMaker":false},{"id":101548755,"price":"800.0000000000000000","qty":"10784.43000000","quoteQty":"8605112.38560000","time":1714807227527,"isBuyerMaker":true},{"id":101548015,"price":"789.3000000000000000","qty":"15883.29000000","quoteQty":"12501578.09076840","time":1714806700393,"isBuyerMaker":true},{"id":101548011,"price":"789.7000000000000000","qty":"10045.39000000","quoteQty":"7910632.51844760","time":1714806700213,"isBuyerMaker":true},{"id":101547703,"price":"801.1000000000000000","qty":"50249.54000000","quoteQty":"40254906.49400000","time":1714806510019,"isBuyerMaker":true},{"id":101547702,"price":"801.0000000000000000","qty":"4554.77000000","quoteQty":"3648370.77000000","time":1714806509628,"isBuyerMaker":true},{"id":101547698,"price":"801.0000000000000000","qty":"10323.06000000","quoteQty":"8268771.06000000","time":1714806509129,"isBuyerMaker":true},{"id":101547443,"price":"801.1000000000000000","qty":"7489.70000000","quoteQty":"5984398.67345800","time":1714806347924,"isBuyerMaker":true},{"id":101544637,"price":"801.0000000000000000","qty":"3837.70000000","quoteQty":"3073997.70000000","time":1714804552326,"isBuyerMaker":true},{"id":101544252,"price":"823.0000000000000000","qty":"364.52000000","quoteQty":"363.37176200","time":1714804302932,"isBuyerMaker":false},{"id":101541690,"price":"853.6000000000000000","qty":"1938.16000000","quoteQty":"1931.37644000","time":1714802697118,"isBuyerMaker":false},{"id":101540839,"price":"837.0000000000000000","qty":"2153.31000000","quoteQty":"2153.31000000","time":1714802108355,"isBuyerMaker":false},{"id":101540825,"price":"833.7000000000000000","qty":"589.20000000","quoteQty":"489496.78386000","time":1714802056729,"isBuyerMaker":true},{"id":101540181,"price":"840.3000000000000000","qty":"184.21000000","quoteQty":"184.21000000","time":1714801549104,"isBuyerMaker":false},{"id":101528694,"price":"840.3000000000000000","qty":"71.40000000","quoteQty":"71.15010000","time":1714794071878,"isBuyerMaker":false},{"id":101523039,"price":"832.0000000000000000","qty":"354.64000000","quoteQty":"354.64000000","time":1714790389887,"isBuyerMaker":false},{"id":101520444,"price":"851.0000000000000000","qty":"1379.33000000","quoteQty":"1173809.83000000","time":1714788849238,"isBuyerMaker":true},{"id":101514715,"price":"849.0000000000000000","qty":"264.89000000","quoteQty":"224891.61000000","time":1714784595682,"isBuyerMaker":true},{"id":101514714,"price":"861.4000000000000000","qty":"1401.37000000","quoteQty":"1207140.11800000","time":1714784595154,"isBuyerMaker":true},{"id":101514250,"price":"861.4000000000000000","qty":"114.00000000","quoteQty":"113.71272000","time":1714784152372,"isBuyerMaker":false},{"id":101511705,"price":"871.7000000000000000","qty":"1147.19000000","quoteQty":"1000005.52300000","time":1714782335081,"isBuyerMaker":true},{"id":101509256,"price":"840.2000000000000000","qty":"733.33000000","quoteQty":"613987.36246900","time":1714780328956,"isBuyerMaker":true},{"id":101504391,"price":"881.6000000000000000","qty":"1804.94000000","quoteQty":"1804.94000000","time":1714776911935,"isBuyerMaker":false},{"id":101504164,"price":"881.6000000000000000","qty":"4327.90000000","quoteQty":"4327.90000000","time":1714776737632,"isBuyerMaker":false},{"id":101503753,"price":"881.6000000000000000","qty":"757.95000000","quoteQty":"666103.86253200","time":1714776420874,"isBuyerMaker":true},{"id":101503752,"price":"881.7000000000000000","qty":"13674.00000000","quoteQty":"12018388.24773000","time":1714776420620,"isBuyerMaker":true},{"id":101503750,"price":"881.9000000000000000","qty":"87.70000000","quoteQty":"77099.00071550","time":1714776420195,"isBuyerMaker":true},{"id":101502133,"price":"899.9000000000000000","qty":"69.74000000","quoteQty":"69.74000000","time":1714775200307,"isBuyerMaker":false},{"id":101502132,"price":"891.0000000000000000","qty":"56.12000000","quoteQty":"56.12000000","time":1714775200096,"isBuyerMaker":false},{"id":101502130,"price":"886.0000000000000000","qty":"113.02000000","quoteQty":"113.02000000","time":1714775199886,"isBuyerMaker":false},{"id":101502128,"price":"887.0000000000000000","qty":"112.74000000","quoteQty":"112.74000000","time":1714775199649,"isBuyerMaker":false},{"id":101502125,"price":"890.0000000000000000","qty":"112.36000000","quoteQty":"112.36000000","time":1714775199126,"isBuyerMaker":false},{"id":101502099,"price":"880.0000000000000000","qty":"8018.88000000","quoteQty":"8018.88000000","time":1714775184046,"isBuyerMaker":false},{"id":101502098,"price":"879.0000000000000000","qty":"56.89000000","quoteQty":"56.89000000","time":1714775183845,"isBuyerMaker":false},{"id":101502097,"price":"879.0000000000000000","qty":"257.02000000","quoteQty":"257.02000000","time":1714775183564,"isBuyerMaker":false},{"id":101502093,"price":"879.0000000000000000","qty":"113.77000000","quoteQty":"113.77000000","time":1714775183217,"isBuyerMaker":false},{"id":101502092,"price":"880.0000000000000000","qty":"113.64000000","quoteQty":"113.64000000","time":1714775182836,"isBuyerMaker":false},{"id":101501741,"price":"875.0000000000000000","qty":"57.15000000","quoteQty":"57.15000000","time":1714774942827,"isBuyerMaker":false},{"id":101501736,"price":"865.0000000000000000","qty":"57.81000000","quoteQty":"57.81000000","time":1714774936073,"isBuyerMaker":false},{"id":101501735,"price":"868.0000000000000000","qty":"115.21000000","quoteQty":"115.21000000","time":1714774935832,"isBuyerMaker":false},{"id":101501530,"price":"850.0000000000000000","qty":"5323.10000000","quoteQty":"5323.10000000","time":1714774797418,"isBuyerMaker":false},{"id":101501529,"price":"850.0000000000000000","qty":"58.83000000","quoteQty":"58.83000000","time":1714774797113,"isBuyerMaker":false},{"id":101501528,"price":"850.0000000000000000","qty":"41624.15000000","quoteQty":"41624.15000000","time":1714774796714,"isBuyerMaker":false},{"id":101501527,"price":"850.0000000000000000","qty":"25672.79000000","quoteQty":"25672.79000000","time":1714774795398,"isBuyerMaker":false},{"id":101501525,"price":"850.0000000000000000","qty":"14962.10000000","quoteQty":"14962.10000000","time":1714774794704,"isBuyerMaker":false},{"id":101501524,"price":"850.0000000000000000","qty":"8597.10000000","quoteQty":"8597.10000000","time":1714774793960,"isBuyerMaker":false},{"id":101501502,"price":"850.0000000000000000","qty":"4391.17000000","quoteQty":"4391.17000000","time":1714774783014,"isBuyerMaker":false},{"id":101501499,"price":"850.0000000000000000","qty":"58.83000000","quoteQty":"58.83000000","time":1714774782766,"isBuyerMaker":false},{"id":101501459,"price":"845.2000000000000000","qty":"59.16000000","quoteQty":"59.16000000","time":1714774741689,"isBuyerMaker":false},{"id":101501458,"price":"849.0000000000000000","qty":"117.79000000","quoteQty":"117.79000000","time":1714774741381,"isBuyerMaker":false},{"id":101501457,"price":"847.0000000000000000","qty":"59.04000000","quoteQty":"59.04000000","time":1714774741149,"isBuyerMaker":false},{"id":101501456,"price":"847.0000000000000000","qty":"59.04000000","quoteQty":"59.04000000","time":1714774740938,"isBuyerMaker":false},{"id":101500500,"price":"833.3000000000000000","qty":"200.00000000","quoteQty":"166135.02100000","time":1714774038366,"isBuyerMaker":true},{"id":101495976,"price":"827.6000000000000000","qty":"489.63000000","quoteQty":"403941.35196780","time":1714770714942,"isBuyerMaker":true},{"id":101494985,"price":"845.2000000000000000","qty":"587.60000000","quoteQty":"587.60000000","time":1714770141360,"isBuyerMaker":false},{"id":101494983,"price":"835.0000000000000000","qty":"7103.55000000","quoteQty":"7103.55000000","time":1714770140284,"isBuyerMaker":false},{"id":101493776,"price":"835.0000000000000000","qty":"256.60000000","quoteQty":"256.60000000","time":1714769458208,"isBuyerMaker":false},{"id":101491522,"price":"830.0000000000000000","qty":"60.25000000","quoteQty":"60.25000000","time":1714768393023,"isBuyerMaker":false},{"id":101488207,"price":"825.0000000000000000","qty":"321.50000000","quoteQty":"265237.50000000","time":1714766926692,"isBuyerMaker":true},{"id":101488105,"price":"825.0000000000000000","qty":"1718.40000000","quoteQty":"1417680.00000000","time":1714766872780,"isBuyerMaker":true},{"id":101486281,"price":"823.0000000000000000","qty":"1316.40000000","quoteQty":"1083397.20000000","time":1714765724635,"isBuyerMaker":true},{"id":101486001,"price":"823.0000000000000000","qty":"60.76000000","quoteQty":"60.58987200","time":1714765554736,"isBuyerMaker":false},{"id":101484663,"price":"820.0000000000000000","qty":"60.98000000","quoteQty":"60.82633040","time":1714764657121,"isBuyerMaker":false},{"id":101484662,"price":"820.0000000000000000","qty":"60.98000000","quoteQty":"60.82633040","time":1714764656778,"isBuyerMaker":false},{"id":101473284,"price":"809.1000000000000000","qty":"247.19000000","quoteQty":"200001.42900000","time":1714757629078,"isBuyerMaker":true},{"id":101470646,"price":"809.1000000000000000","qty":"134.85000000","quoteQty":"134.85000000","time":1714755920317,"isBuyerMaker":false},{"id":101468052,"price":"814.7000000000000000","qty":"2687.84000000","quoteQty":"2185841.63815360","time":1714754357514,"isBuyerMaker":true},{"id":101468051,"price":"814.7000000000000000","qty":"860.89000000","quoteQty":"700104.62225060","time":1714754356951,"isBuyerMaker":true},{"id":101466491,"price":"812.4000000000000000","qty":"1400.00000000","quoteQty":"1133379.24000000","time":1714753385774,"isBuyerMaker":true},{"id":101466460,"price":"824.3000000000000000","qty":"2426.37000000","quoteQty":"2419.57616400","time":1714753369926,"isBuyerMaker":false},{"id":101466364,"price":"812.5000000000000000","qty":"380.89000000","quoteQty":"309473.12500000","time":1714753305513,"isBuyerMaker":true},{"id":101466363,"price":"822.8000000000000000","qty":"5640.13000000","quoteQty":"4640698.96400000","time":1714753305119,"isBuyerMaker":true},{"id":101466296,"price":"822.8000000000000000","qty":"4496.00000000","quoteQty":"3699308.80000000","time":1714753264358,"isBuyerMaker":true},{"id":101465158,"price":"822.8000000000000000","qty":"5902.42000000","quoteQty":"5902.42000000","time":1714752541964,"isBuyerMaker":false},{"id":101465157,"price":"834.0000000000000000","qty":"1562.09000000","quoteQty":"1562.09000000","time":1714752541659,"isBuyerMaker":false},{"id":101465119,"price":"822.8000000000000000","qty":"4450.00000000","quoteQty":"3649926.40100000","time":1714752525105,"isBuyerMaker":true},{"id":101464876,"price":"825.0000000000000000","qty":"6298.34000000","quoteQty":"6298.34000000","time":1714752383645,"isBuyerMaker":false},{"id":101464873,"price":"828.0000000000000000","qty":"60.39000000","quoteQty":"60.39000000","time":1714752383290,"isBuyerMaker":false},{"id":101464349,"price":"816.0000000000000000","qty":"5765.28000000","quoteQty":"4688002.84032000","time":1714752039081,"isBuyerMaker":true},{"id":101464348,"price":"816.1000000000000000","qty":"705.60000000","quoteQty":"573824.71944000","time":1714752038329,"isBuyerMaker":true},{"id":101464347,"price":"818.9000000000000000","qty":"1221.16000000","quoteQty":"996507.89626600","time":1714752037175,"isBuyerMaker":true},{"id":101464216,"price":"825.0000000000000000","qty":"1657.56000000","quoteQty":"1655.70353280","time":1714751940150,"isBuyerMaker":false},{"id":101461823,"price":"813.2000000000000000","qty":"430.39000000","quoteQty":"349083.16581520","time":1714750388011,"isBuyerMaker":true},{"id":101461704,"price":"811.1000000000000000","qty":"49.31000000","quoteQty":"39891.35311340","time":1714750311093,"isBuyerMaker":true},{"id":101460624,"price":"818.1000000000000000","qty":"1222.35000000","quoteQty":"1218.92742000","time":1714749552882,"isBuyerMaker":false},{"id":101460346,"price":"807.8000000000000000","qty":"8583.18000000","quoteQty":"6918239.11983120","time":1714749405259,"isBuyerMaker":true},{"id":101460344,"price":"808.0000000000000000","qty":"3802.00000000","quoteQty":"3065257.56480000","time":1714749404625,"isBuyerMaker":true},{"id":101456565,"price":"805.8000000000000000","qty":"137869.17000000","quoteQty":"110806130.24531640","time":1714747127838,"isBuyerMaker":true},{"id":101456544,"price":"806.0000000000000000","qty":"7522.69000000","quoteQty":"6047523.59083600","time":1714747115296,"isBuyerMaker":true},{"id":101456543,"price":"806.0000000000000000","qty":"4450.00000000","quoteQty":"3577374.58000000","time":1714747115098,"isBuyerMaker":true},{"id":101456538,"price":"806.8000000000000000","qty":"5435.60000000","quoteQty":"4374039.93059200","time":1714747106832,"isBuyerMaker":true},{"id":101454151,"price":"814.2000000000000000","qty":"229.84000000","quoteQty":"229.84000000","time":1714745734201,"isBuyerMaker":false},{"id":101454101,"price":"814.2000000000000000","qty":"4501.80000000","quoteQty":"3658767.90199200","time":1714745706676,"isBuyerMaker":true},{"id":101453746,"price":"813.8000000000000000","qty":"1268.36000000","quoteQty":"1029961.83464512","time":1714745543333,"isBuyerMaker":true},{"id":101453743,"price":"814.6000000000000000","qty":"133.40000000","quoteQty":"108432.91789760","time":1714745542940,"isBuyerMaker":true},{"id":101453742,"price":"815.1000000000000000","qty":"4497.80000000","quoteQty":"3658237.88135520","time":1714745542566,"isBuyerMaker":true},{"id":101453716,"price":"815.9000000000000000","qty":"4497.60000000","quoteQty":"4497.60000000","time":1714745529924,"isBuyerMaker":false},{"id":101453696,"price":"815.9000000000000000","qty":"5258.10000000","quoteQty":"4280817.20901360","time":1714745518048,"isBuyerMaker":true},{"id":101453691,"price":"816.0000000000000000","qty":"5617.00000000","quoteQty":"4573571.70048000","time":1714745517390,"isBuyerMaker":true},{"id":101453689,"price":"816.1000000000000000","qty":"7583.64000000","quoteQty":"6175640.34541536","time":1714745516627,"isBuyerMaker":true},{"id":101453658,"price":"816.1000000000000000","qty":"1899.27000000","quoteQty":"1545964.26195780","time":1714745502247,"isBuyerMaker":true},{"id":101453641,"price":"816.1000000000000000","qty":"308.98000000","quoteQty":"251452.53398160","time":1714745498312,"isBuyerMaker":true},{"id":101451719,"price":"828.0000000000000000","qty":"1249.89000000","quoteQty":"1245.51538500","time":1714744819443,"isBuyerMaker":false},{"id":101449973,"price":"818.0000000000000000","qty":"205.19000000","quoteQty":"167375.45282400","time":1714743918856,"isBuyerMaker":true},{"id":101449969,"price":"817.2000000000000000","qty":"16946.90000000","quoteQty":"13810229.46129600","time":1714743916975,"isBuyerMaker":true},{"id":101449967,"price":"817.2000000000000000","qty":"3535.09000000","quoteQty":"2880786.69646560","time":1714743915255,"isBuyerMaker":true},{"id":101449964,"price":"817.3000000000000000","qty":"4450.00000000","quoteQty":"3626801.44200000","time":1714743913953,"isBuyerMaker":true},{"id":101449962,"price":"817.9000000000000000","qty":"5617.00000000","quoteQty":"4581280.69596000","time":1714743911888,"isBuyerMaker":true},{"id":101448225,"price":"835.7000000000000000","qty":"59.84000000","quoteQty":"59.63056000","time":1714742993597,"isBuyerMaker":false},{"id":101441179,"price":"802.0000000000000000","qty":"5506.23000000","quoteQty":"5506.23000000","time":1714739735888,"isBuyerMaker":false},{"id":101440651,"price":"792.8000000000000000","qty":"782.08000000","quoteQty":"618296.93153280","time":1714739568041,"isBuyerMaker":true},{"id":101438816,"price":"785.2000000000000000","qty":"1415.02000000","quoteQty":"1411.96355680","time":1714738406127,"isBuyerMaker":false},{"id":101438815,"price":"792.2000000000000000","qty":"1107.69000000","quoteQty":"1105.29738960","time":1714738405492,"isBuyerMaker":false},{"id":101438505,"price":"799.6000000000000000","qty":"2338.43000000","quoteQty":"2333.37899120","time":1714738183333,"isBuyerMaker":false},{"id":101438504,"price":"799.5000000000000000","qty":"162.83000000","quoteQty":"162.47828720","time":1714738182977,"isBuyerMaker":false},{"id":101438015,"price":"801.0000000000000000","qty":"841.87000000","quoteQty":"674337.87000000","time":1714737899643,"isBuyerMaker":true},{"id":101438014,"price":"801.0000000000000000","qty":"62394.19000000","quoteQty":"49977746.19000000","time":1714737898821,"isBuyerMaker":true},{"id":101438013,"price":"801.0000000000000000","qty":"3807.90000000","quoteQty":"3050127.90000000","time":1714737898372,"isBuyerMaker":true},{"id":101437962,"price":"801.0000000000000000","qty":"2179.40000000","quoteQty":"1745699.40000000","time":1714737863111,"isBuyerMaker":true},{"id":101437881,"price":"801.0000000000000000","qty":"3126.30000000","quoteQty":"2504166.30000000","time":1714737804558,"isBuyerMaker":true},{"id":101437844,"price":"802.0000000000000000","qty":"2493.77000000","quoteQty":"2488.38345680","time":1714737767176,"isBuyerMaker":false},{"id":101437814,"price":"801.0000000000000000","qty":"3807.90000000","quoteQty":"3050127.90000000","time":1714737748785,"isBuyerMaker":true},{"id":101437336,"price":"801.0000000000000000","qty":"324.27000000","quoteQty":"258831.17905500","time":1714737417603,"isBuyerMaker":true},{"id":101437096,"price":"802.0000000000000000","qty":"309.73000000","quoteQty":"248403.46000000","time":1714737261983,"isBuyerMaker":true},{"id":101437095,"price":"801.0000000000000000","qty":"3029.77000000","quoteQty":"2426845.77000000","time":1714737261663,"isBuyerMaker":true},{"id":101436711,"price":"801.0000000000000000","qty":"336.70000000","quoteQty":"269696.70000000","time":1714737001533,"isBuyerMaker":true},{"id":101436422,"price":"801.0000000000000000","qty":"75771.53000000","quoteQty":"60692995.53000000","time":1714736793426,"isBuyerMaker":true},{"id":101435742,"price":"804.8000000000000000","qty":"2764.52000000","quoteQty":"2224885.69600000","time":1714736299448,"isBuyerMaker":true},{"id":101435585,"price":"804.8000000000000000","qty":"2485.09000000","quoteQty":"2479.72220560","time":1714736201223,"isBuyerMaker":false},{"id":101435386,"price":"808.1000000000000000","qty":"2474.95000000","quoteQty":"2469.60410800","time":1714736113210,"isBuyerMaker":false},{"id":101435301,"price":"811.3000000000000000","qty":"4923.18000000","quoteQty":"3994175.93400000","time":1714736049854,"isBuyerMaker":true},{"id":101435264,"price":"811.3000000000000000","qty":"1224.91000000","quoteQty":"1221.48025200","time":1714736031831,"isBuyerMaker":false},{"id":101435262,"price":"811.3000000000000000","qty":"2465.18000000","quoteQty":"2459.85521120","time":1714736030000,"isBuyerMaker":false},{"id":101433435,"price":"788.5000000000000000","qty":"2536.47000000","quoteQty":"2530.99122480","time":1714734816459,"isBuyerMaker":false},{"id":101433383,"price":"792.4000000000000000","qty":"3785.97000000","quoteQty":"3777.79230480","time":1714734784328,"isBuyerMaker":false},{"id":101432676,"price":"782.5000000000000000","qty":"129.42000000","quoteQty":"100952.14587750","time":1714734325948,"isBuyerMaker":true},{"id":101432304,"price":"803.4000000000000000","qty":"112.42000000","quoteQty":"90318.22800000","time":1714734076315,"isBuyerMaker":true},{"id":101432133,"price":"803.5000000000000000","qty":"8634.12000000","quoteQty":"8615.47030080","time":1714733966932,"isBuyerMaker":false},{"id":101432082,"price":"803.4000000000000000","qty":"2704.09000000","quoteQty":"2698.24916560","time":1714733940457,"isBuyerMaker":false},{"id":101432081,"price":"802.6000000000000000","qty":"1605.29000000","quoteQty":"1601.82257360","time":1714733940190,"isBuyerMaker":false},{"id":101432080,"price":"802.5000000000000000","qty":"391.50000000","quoteQty":"390.65436000","time":1714733939915,"isBuyerMaker":false},{"id":101430910,"price":"798.3000000000000000","qty":"3329.15000000","quoteQty":"3318.82963500","time":1714733312909,"isBuyerMaker":false},{"id":101430909,"price":"797.7000000000000000","qty":"403.60000000","quoteQty":"402.34884000","time":1714733312635,"isBuyerMaker":false},{"id":101430284,"price":"804.0000000000000000","qty":"7652.97000000","quoteQty":"7636.43958480","time":1714733151816,"isBuyerMaker":false},{"id":101429222,"price":"807.6000000000000000","qty":"9546.45000000","quoteQty":"7693060.03987680","time":1714732498651,"isBuyerMaker":true},{"id":101429216,"price":"807.9000000000000000","qty":"2031.70000000","quoteQty":"1637864.98347120","time":1714732498448,"isBuyerMaker":true},{"id":101429215,"price":"808.3000000000000000","qty":"15790.89000000","quoteQty":"12736206.63000408","time":1714732498278,"isBuyerMaker":true},{"id":101429214,"price":"808.4000000000000000","qty":"3154.80000000","quoteQty":"2544831.58490880","time":1714732497928,"isBuyerMaker":true},{"id":101427881,"price":"829.0000000000000000","qty":"62.57000000","quoteQty":"51870.53000000","time":1714731602252,"isBuyerMaker":true},{"id":101427303,"price":"829.0000000000000000","qty":"1007.82000000","quoteQty":"1007.82000000","time":1714731181677,"isBuyerMaker":false},{"id":101427302,"price":"838.0000000000000000","qty":"59.67000000","quoteQty":"59.67000000","time":1714731181344,"isBuyerMaker":false},{"id":101427301,"price":"838.0000000000000000","qty":"205.83000000","quoteQty":"205.83000000","time":1714731181090,"isBuyerMaker":false},{"id":101427291,"price":"829.0000000000000000","qty":"22.18000000","quoteQty":"18326.54217400","time":1714731176624,"isBuyerMaker":true},{"id":101427138,"price":"829.0000000000000000","qty":"125.00000000","quoteQty":"103283.03750000","time":1714731084660,"isBuyerMaker":true},{"id":101427091,"price":"829.0000000000000000","qty":"118.62000000","quoteQty":"98026.22166300","time":1714731038949,"isBuyerMaker":true},{"id":101426599,"price":"838.0000000000000000","qty":"735.91000000","quoteQty":"733.33431500","time":1714730708104,"isBuyerMaker":false},{"id":101423639,"price":"829.6000000000000000","qty":"94.03000000","quoteQty":"77838.79225792","time":1714728682165,"isBuyerMaker":true},{"id":101423452,"price":"829.6000000000000000","qty":"195.46000000","quoteQty":"162153.61600000","time":1714728548471,"isBuyerMaker":true},{"id":101423444,"price":"829.6000000000000000","qty":"929.29000000","quoteQty":"770938.98400000","time":1714728548123,"isBuyerMaker":true},{"id":101423441,"price":"847.3000000000000000","qty":"5130.25000000","quoteQty":"4346860.82500000","time":1714728547865,"isBuyerMaker":true},{"id":101423430,"price":"847.3000000000000000","qty":"11967.96000000","quoteQty":"11939.95497360","time":1714728537138,"isBuyerMaker":false},{"id":101423359,"price":"847.3000000000000000","qty":"236.04000000","quoteQty":"235.37908800","time":1714728493079,"isBuyerMaker":false},{"id":101423035,"price":"849.9000000000000000","qty":"117.66000000","quoteQty":"117.33055200","time":1714728292000,"isBuyerMaker":false},{"id":101422283,"price":"848.0000000000000000","qty":"1915.14000000","quoteQty":"1624038.72000000","time":1714727780339,"isBuyerMaker":true},{"id":101422279,"price":"848.0000000000000000","qty":"79.50000000","quoteQty":"79.27740000","time":1714727777721,"isBuyerMaker":false},{"id":101422249,"price":"830.0000000000000000","qty":"257.02000000","quoteQty":"257.02000000","time":1714727759731,"isBuyerMaker":false},{"id":101422248,"price":"829.0000000000000000","qty":"60.32000000","quoteQty":"60.32000000","time":1714727759377,"isBuyerMaker":false},{"id":101421898,"price":"827.4000000000000000","qty":"120.53000000","quoteQty":"120.19251600","time":1714727530212,"isBuyerMaker":false},{"id":101421208,"price":"814.5000000000000000","qty":"1419.00000000","quoteQty":"1415.02680000","time":1714727034869,"isBuyerMaker":false},{"id":101420729,"price":"816.9000000000000000","qty":"129.83000000","quoteQty":"129.42103550","time":1714726708581,"isBuyerMaker":false},{"id":101419412,"price":"816.5000000000000000","qty":"28016.40000000","quoteQty":"22875390.60000000","time":1714725775868,"isBuyerMaker":true},{"id":101419406,"price":"816.5000000000000000","qty":"25749.59000000","quoteQty":"21024540.23500000","time":1714725775236,"isBuyerMaker":true},{"id":101419405,"price":"816.5000000000000000","qty":"4556.19000000","quoteQty":"3720129.13500000","time":1714725774701,"isBuyerMaker":true},{"id":101419404,"price":"816.5000000000000000","qty":"337.39000000","quoteQty":"275478.93500000","time":1714725774285,"isBuyerMaker":true},{"id":101419397,"price":"816.5000000000000000","qty":"2065.59000000","quoteQty":"2060.75651940","time":1714725769613,"isBuyerMaker":false},{"id":101419391,"price":"816.2000000000000000","qty":"114.00000000","quoteQty":"113.73324000","time":1714725769174,"isBuyerMaker":false},{"id":101409553,"price":"783.8000000000000000","qty":"1438.67000000","quoteQty":"1127629.54600000","time":1714719524820,"isBuyerMaker":true},{"id":101409084,"price":"790.3000000000000000","qty":"4956.60000000","quoteQty":"4956.60000000","time":1714719229848,"isBuyerMaker":false},{"id":101408905,"price":"790.0000000000000000","qty":"1903.18000000","quoteQty":"1503512.20000000","time":1714719101295,"isBuyerMaker":true},{"id":101408896,"price":"790.0000000000000000","qty":"749.70000000","quoteQty":"592263.00000000","time":1714719100426,"isBuyerMaker":true},{"id":101408813,"price":"790.0000000000000000","qty":"1410.30000000","quoteQty":"1114137.00000000","time":1714719045360,"isBuyerMaker":true},{"id":101408225,"price":"797.0000000000000000","qty":"945.14000000","quoteQty":"753276.58000000","time":1714718650689,"isBuyerMaker":true},{"id":101408191,"price":"797.0000000000000000","qty":"1036.70000000","quoteQty":"826249.90000000","time":1714718624975,"isBuyerMaker":true},{"id":101408171,"price":"796.7000000000000000","qty":"13807.70000000","quoteQty":"13771.79998000","time":1714718620524,"isBuyerMaker":false},{"id":101408170,"price":"796.7000000000000000","qty":"8518.39000000","quoteQty":"8496.24218600","time":1714718620304,"isBuyerMaker":false},{"id":101407780,"price":"776.6000000000000000","qty":"2555.50000000","quoteQty":"1979044.41636000","time":1714718354014,"isBuyerMaker":true},{"id":101406927,"price":"810.0000000000000000","qty":"226.00000000","quoteQty":"183060.00000000","time":1714717765758,"isBuyerMaker":true},{"id":101406409,"price":"810.0000000000000000","qty":"370.60000000","quoteQty":"370.60000000","time":1714717417258,"isBuyerMaker":false},{"id":101405905,"price":"808.8000000000000000","qty":"2046.22000000","quoteQty":"1650348.78433920","time":1714717087537,"isBuyerMaker":true},{"id":101405901,"price":"808.9000000000000000","qty":"381.19000000","quoteQty":"307481.22614520","time":1714717086186,"isBuyerMaker":true},{"id":101405445,"price":"820.0000000000000000","qty":"412.22000000","quoteQty":"338020.40000000","time":1714716797556,"isBuyerMaker":true},{"id":101404871,"price":"821.0000000000000000","qty":"4097.15000000","quoteQty":"4097.15000000","time":1714716410715,"isBuyerMaker":false},{"id":101404870,"price":"823.0000000000000000","qty":"1191.45000000","quoteQty":"1191.45000000","time":1714716409986,"isBuyerMaker":false},{"id":101404868,"price":"820.0000000000000000","qty":"587.78000000","quoteQty":"480726.45304000","time":1714716407725,"isBuyerMaker":true},{"id":101404867,"price":"820.0000000000000000","qty":"4412.22000000","quoteQty":"3608613.54696000","time":1714716407175,"isBuyerMaker":true},{"id":101404758,"price":"823.0000000000000000","qty":"2905.70000000","quoteQty":"2905.70000000","time":1714716337480,"isBuyerMaker":false},{"id":101404641,"price":"827.0000000000000000","qty":"5676.90000000","quoteQty":"5676.90000000","time":1714716249676,"isBuyerMaker":false},{"id":101404512,"price":"827.0000000000000000","qty":"434.50000000","quoteQty":"434.50000000","time":1714716162574,"isBuyerMaker":false},{"id":101404096,"price":"827.0000000000000000","qty":"9679.14000000","quoteQty":"9679.14000000","time":1714715862220,"isBuyerMaker":false},{"id":101404079,"price":"827.0000000000000000","qty":"4374.88000000","quoteQty":"3608618.89302400","time":1714715853470,"isBuyerMaker":true},{"id":101403512,"price":"827.4000000000000000","qty":"1578.70000000","quoteQty":"1301644.62267000","time":1714715441025,"isBuyerMaker":true},{"id":101403461,"price":"827.4000000000000000","qty":"1357.13000000","quoteQty":"1118959.24923300","time":1714715405756,"isBuyerMaker":true},{"id":101403016,"price":"850.0000000000000000","qty":"3334.51000000","quoteQty":"2834333.50000000","time":1714715108936,"isBuyerMaker":true},{"id":101403015,"price":"849.9000000000000000","qty":"8899.96000000","quoteQty":"8880.38008800","time":1714715107694,"isBuyerMaker":false},{"id":101403013,"price":"849.0000000000000000","qty":"176.69000000","quoteQty":"176.30128200","time":1714715107397,"isBuyerMaker":false},{"id":101402123,"price":"849.0000000000000000","qty":"58.89000000","quoteQty":"58.70744100","time":1714714517484,"isBuyerMaker":false},{"id":101402121,"price":"849.0000000000000000","qty":"58.90000000","quoteQty":"58.71741000","time":1714714516783,"isBuyerMaker":false},{"id":101401212,"price":"848.0000000000000000","qty":"3617.70000000","quoteQty":"3617.70000000","time":1714713862400,"isBuyerMaker":false},{"id":101401132,"price":"842.4000000000000000","qty":"636.80000000","quoteQty":"636.80000000","time":1714713808103,"isBuyerMaker":false},{"id":101401029,"price":"842.4000000000000000","qty":"363.20000000","quoteQty":"363.20000000","time":1714713738175,"isBuyerMaker":false},{"id":101398012,"price":"820.8000000000000000","qty":"10732.60000000","quoteQty":"10709.41758400","time":1714711539897,"isBuyerMaker":false},{"id":101397979,"price":"820.5000000000000000","qty":"4799.00000000","quoteQty":"3937579.50000000","time":1714711513064,"isBuyerMaker":true},{"id":101397975,"price":"820.5000000000000000","qty":"6346.39000000","quoteQty":"6332.68179760","time":1714711511190,"isBuyerMaker":false},{"id":101397974,"price":"820.2000000000000000","qty":"3807.69000000","quoteQty":"3799.46538960","time":1714711509888,"isBuyerMaker":false},{"id":101397972,"price":"820.1000000000000000","qty":"4902.50000000","quoteQty":"4891.91060000","time":1714711509206,"isBuyerMaker":false},{"id":101395844,"price":"810.0000000000000000","qty":"61.73000000","quoteQty":"61.73000000","time":1714709987707,"isBuyerMaker":false},{"id":101391640,"price":"790.0000000000000000","qty":"1703.42000000","quoteQty":"1345701.80000000","time":1714706939766,"isBuyerMaker":true},{"id":101391566,"price":"790.0000000000000000","qty":"953.60000000","quoteQty":"753344.00000000","time":1714706886888,"isBuyerMaker":true},{"id":101391494,"price":"790.0000000000000000","qty":"953.80000000","quoteQty":"753502.00000000","time":1714706831145,"isBuyerMaker":true},{"id":101391378,"price":"795.0000000000000000","qty":"3491.25000000","quoteQty":"2775543.75000000","time":1714706760241,"isBuyerMaker":true},{"id":101391284,"price":"795.0000000000000000","qty":"96.86000000","quoteQty":"76837.37200800","time":1714706707953,"isBuyerMaker":true},{"id":101387573,"price":"798.0000000000000000","qty":"2761.89000000","quoteQty":"2203988.22000000","time":1714703976802,"isBuyerMaker":true},{"id":101386669,"price":"805.0000000000000000","qty":"1286.83000000","quoteQty":"1035898.15000000","time":1714703445018,"isBuyerMaker":true},{"id":101386636,"price":"806.0000000000000000","qty":"2160.95000000","quoteQty":"1741725.70000000","time":1714703412071,"isBuyerMaker":true},{"id":101386586,"price":"806.0000000000000000","qty":"400.70000000","quoteQty":"322964.20000000","time":1714703381638,"isBuyerMaker":true},{"id":101384426,"price":"805.0000000000000000","qty":"2048.00000000","quoteQty":"1648640.00000000","time":1714701975187,"isBuyerMaker":true},{"id":101384385,"price":"805.0000000000000000","qty":"2451.20000000","quoteQty":"1973216.00000000","time":1714701942684,"isBuyerMaker":true},{"id":101384298,"price":"805.0000000000000000","qty":"30265.80000000","quoteQty":"24363969.00000000","time":1714701866756,"isBuyerMaker":true},{"id":101384222,"price":"805.0000000000000000","qty":"6391.60000000","quoteQty":"5145238.00000000","time":1714701817160,"isBuyerMaker":true},{"id":101384170,"price":"805.0000000000000000","qty":"13896.60000000","quoteQty":"11186763.00000000","time":1714701785907,"isBuyerMaker":true},{"id":101383700,"price":"794.6000000000000000","qty":"4590.44000000","quoteQty":"3637350.44585280","time":1714701397001,"isBuyerMaker":true},{"id":101383582,"price":"794.6000000000000000","qty":"3851.21000000","quoteQty":"3051602.98589520","time":1714701349677,"isBuyerMaker":true},{"id":101383581,"price":"794.6000000000000000","qty":"3851.21000000","quoteQty":"3051602.98589520","time":1714701335562,"isBuyerMaker":true},{"id":101383580,"price":"794.6000000000000000","qty":"7522.77000000","quoteQty":"5960855.78148240","time":1714701327741,"isBuyerMaker":true},{"id":101383579,"price":"794.6000000000000000","qty":"179.65000000","quoteQty":"142350.19030800","time":1714701327317,"isBuyerMaker":true},{"id":101383573,"price":"794.6000000000000000","qty":"5776.82000000","quoteQty":"4577408.44071840","time":1714701293589,"isBuyerMaker":true},{"id":101383561,"price":"794.6000000000000000","qty":"5256.53000000","quoteQty":"4165143.58953360","time":1714701246420,"isBuyerMaker":true},{"id":101383560,"price":"794.7000000000000000","qty":"244.90000000","quoteQty":"194077.08831600","time":1714701245480,"isBuyerMaker":true},{"id":101383559,"price":"795.7000000000000000","qty":"275.39000000","quoteQty":"218514.26509560","time":1714701244146,"isBuyerMaker":true},{"id":101383249,"price":"793.1000000000000000","qty":"3851.21000000","quoteQty":"3045842.34597720","time":1714701011542,"isBuyerMaker":true},{"id":101383126,"price":"800.0000000000000000","qty":"2909.56000000","quoteQty":"2902.22790880","time":1714700918475,"isBuyerMaker":false},{"id":101382715,"price":"800.0000000000000000","qty":"79.50000000","quoteQty":"79.50000000","time":1714700621743,"isBuyerMaker":false},{"id":101382714,"price":"800.1000000000000000","qty":"155.41000000","quoteQty":"155.41000000","time":1714700621334,"isBuyerMaker":false},{"id":101382713,"price":"800.0000000000000000","qty":"72.50000000","quoteQty":"72.50000000","time":1714700618828,"isBuyerMaker":false},{"id":101382712,"price":"800.0000000000000000","qty":"208.93000000","quoteQty":"208.93000000","time":1714700618399,"isBuyerMaker":false},{"id":101382709,"price":"800.0000000000000000","qty":"4090.14000000","quoteQty":"4090.14000000","time":1714700617211,"isBuyerMaker":false},{"id":101382633,"price":"800.0000000000000000","qty":"303.95000000","quoteQty":"303.95000000","time":1714700586945,"isBuyerMaker":false},{"id":101382631,"price":"800.0000000000000000","qty":"1079.15000000","quoteQty":"1079.15000000","time":1714700586296,"isBuyerMaker":false},{"id":101381327,"price":"778.2000000000000000","qty":"555.92000000","quoteQty":"555.92000000","time":1714699988402,"isBuyerMaker":false},{"id":101381205,"price":"778.2000000000000000","qty":"708.10000000","quoteQty":"708.10000000","time":1714699928715,"isBuyerMaker":false},{"id":101381111,"price":"778.2000000000000000","qty":"351.60000000","quoteQty":"351.60000000","time":1714699870865,"isBuyerMaker":false},{"id":101378951,"price":"766.0000000000000000","qty":"1921.31000000","quoteQty":"1921.31000000","time":1714698436921,"isBuyerMaker":false},{"id":101378930,"price":"766.0000000000000000","qty":"1043.70000000","quoteQty":"1043.70000000","time":1714698416742,"isBuyerMaker":false},{"id":101378919,"price":"766.0000000000000000","qty":"1043.70000000","quoteQty":"1043.70000000","time":1714698412507,"isBuyerMaker":false},{"id":101378885,"price":"766.0000000000000000","qty":"19567.80000000","quoteQty":"19567.80000000","time":1714698384278,"isBuyerMaker":false},{"id":101377565,"price":"766.0000000000000000","qty":"35589.80000000","quoteQty":"35589.80000000","time":1714697351799,"isBuyerMaker":false},{"id":101365214,"price":"765.4000000000000000","qty":"5368.11000000","quoteQty":"4098068.64037560","time":1714688009476,"isBuyerMaker":true},{"id":101364273,"price":"761.0000000000000000","qty":"1357.12000000","quoteQty":"1029153.63088000","time":1714687328885,"isBuyerMaker":true},{"id":101362718,"price":"761.0000000000000000","qty":"581.10000000","quoteQty":"440978.89212000","time":1714686188928,"isBuyerMaker":true},{"id":101362535,"price":"765.5000000000000000","qty":"666.22000000","quoteQty":"508889.82855440","time":1714686077864,"isBuyerMaker":true},{"id":101362102,"price":"764.1000000000000000","qty":"37434.74000000","quoteQty":"37434.74000000","time":1714685879883,"isBuyerMaker":false},{"id":101359361,"price":"745.0000000000000000","qty":"6887.68000000","quoteQty":"6887.68000000","time":1714683938799,"isBuyerMaker":false},{"id":101359360,"price":"743.0000000000000000","qty":"2305.83000000","quoteQty":"2305.83000000","time":1714683938309,"isBuyerMaker":false},{"id":101359359,"price":"745.0000000000000000","qty":"5590.56000000","quoteQty":"5590.56000000","time":1714683938037,"isBuyerMaker":false},{"id":101358888,"price":"733.2000000000000000","qty":"2427.40000000","quoteQty":"1774786.32489600","time":1714683609659,"isBuyerMaker":true},{"id":101358764,"price":"733.2000000000000000","qty":"11832.63000000","quoteQty":"8651392.39991520","time":1714683528419,"isBuyerMaker":true},{"id":101358762,"price":"733.4000000000000000","qty":"375.19000000","quoteQty":"274393.88583120","time":1714683528161,"isBuyerMaker":true},{"id":101358760,"price":"733.5000000000000000","qty":"2356.59000000","quoteQty":"1723718.80045800","time":1714683527901,"isBuyerMaker":true},{"id":101358122,"price":"746.0000000000000000","qty":"20797.29000000","quoteQty":"20743.21704600","time":1714683087048,"isBuyerMaker":false},{"id":101358072,"price":"755.3000000000000000","qty":"2064.01000000","quoteQty":"2058.23077200","time":1714683056670,"isBuyerMaker":false},{"id":101356775,"price":"755.3000000000000000","qty":"1273.30000000","quoteQty":"1273.30000000","time":1714682258309,"isBuyerMaker":false},{"id":101356764,"price":"755.3000000000000000","qty":"516.19000000","quoteQty":"514.74466800","time":1714682255769,"isBuyerMaker":false},{"id":101356716,"price":"755.3000000000000000","qty":"205.92000000","quoteQty":"205.34342400","time":1714682226459,"isBuyerMaker":false},{"id":101355462,"price":"755.3000000000000000","qty":"357.30000000","quoteQty":"357.30000000","time":1714681414049,"isBuyerMaker":false},{"id":101355418,"price":"755.3000000000000000","qty":"5723.30000000","quoteQty":"5723.30000000","time":1714681358381,"isBuyerMaker":false},{"id":101355365,"price":"755.3000000000000000","qty":"1273.30000000","quoteQty":"1273.30000000","time":1714681318294,"isBuyerMaker":false},{"id":101354398,"price":"755.3000000000000000","qty":"2342.53000000","quoteQty":"1764712.69543660","time":1714680690062,"isBuyerMaker":true},{"id":101354396,"price":"746.9000000000000000","qty":"101170.55000000","quoteQty":"75367816.65713300","time":1714680689591,"isBuyerMaker":true},{"id":101354394,"price":"746.9000000000000000","qty":"4258.80000000","quoteQty":"3172627.38592800","time":1714680689254,"isBuyerMaker":true},{"id":101354393,"price":"747.0000000000000000","qty":"1273.29000000","quoteQty":"948674.64616200","time":1714680688567,"isBuyerMaker":true},{"id":101354392,"price":"747.1000000000000000","qty":"335.60000000","quoteQty":"250074.87042400","time":1714680688155,"isBuyerMaker":true},{"id":101354391,"price":"755.2000000000000000","qty":"1931.79000000","quoteQty":"1455094.69969920","time":1714680687481,"isBuyerMaker":true},{"id":101354381,"price":"755.2000000000000000","qty":"1442.68000000","quoteQty":"1086679.20496640","time":1714680685822,"isBuyerMaker":true},{"id":101354213,"price":"755.2000000000000000","qty":"1273.30000000","quoteQty":"961596.16000000","time":1714680555859,"isBuyerMaker":true},{"id":101353709,"price":"755.2000000000000000","qty":"31225.43000000","quoteQty":"31225.43000000","time":1714680217532,"isBuyerMaker":false},{"id":101353708,"price":"765.0000000000000000","qty":"1495.00000000","quoteQty":"1495.00000000","time":1714680217161,"isBuyerMaker":false},{"id":101353707,"price":"766.0000000000000000","qty":"416.27000000","quoteQty":"416.27000000","time":1714680216978,"isBuyerMaker":false},{"id":101353597,"price":"755.2000000000000000","qty":"334.90000000","quoteQty":"334.90000000","time":1714680161467,"isBuyerMaker":false},{"id":101352973,"price":"755.2000000000000000","qty":"1134.56000000","quoteQty":"1134.56000000","time":1714679731655,"isBuyerMaker":false},{"id":101352972,"price":"749.6000000000000000","qty":"103.87000000","quoteQty":"103.87000000","time":1714679731282,"isBuyerMaker":false},{"id":101352138,"price":"743.8000000000000000","qty":"6397.35000000","quoteQty":"6390.18496800","time":1714679156610,"isBuyerMaker":false},{"id":101350993,"price":"728.5000000000000000","qty":"3493.90000000","quoteQty":"2538179.29278000","time":1714678338667,"isBuyerMaker":true},{"id":101350977,"price":"728.6000000000000000","qty":"5617.00000000","quoteQty":"4081087.07064000","time":1714678318796,"isBuyerMaker":true},{"id":101350975,"price":"728.6000000000000000","qty":"3807.50000000","quoteQty":"2766376.89540000","time":1714678318496,"isBuyerMaker":true},{"id":101343505,"price":"716.0000000000000000","qty":"101.00000000","quoteQty":"72062.89400000","time":1714673459630,"isBuyerMaker":true},{"id":101342029,"price":"705.3000000000000000","qty":"8140.92000000","quoteQty":"5725713.86154720","time":1714672398402,"isBuyerMaker":true},{"id":101342026,"price":"705.5000000000000000","qty":"3017.80000000","quoteQty":"2123096.53788000","time":1714672398148,"isBuyerMaker":true},{"id":101342025,"price":"705.5000000000000000","qty":"1957.59000000","quoteQty":"1377212.72171400","time":1714672397765,"isBuyerMaker":true},{"id":101338097,"price":"703.9000000000000000","qty":"50555.11000000","quoteQty":"35493218.99998460","time":1714670034772,"isBuyerMaker":true},{"id":101338096,"price":"704.0000000000000000","qty":"94.00000000","quoteQty":"66003.94240000","time":1714670034555,"isBuyerMaker":true},{"id":101335648,"price":"699.9000000000000000","qty":"340.63000000","quoteQty":"237787.07896380","time":1714668375465,"isBuyerMaker":true},{"id":101335644,"price":"699.9000000000000000","qty":"6482.50000000","quoteQty":"4525305.28545000","time":1714668374548,"isBuyerMaker":true},{"id":101335643,"price":"700.9000000000000000","qty":"4742.60000000","quoteQty":"3315445.71031600","time":1714668372054,"isBuyerMaker":true},{"id":101335465,"price":"709.6000000000000000","qty":"3373.95000000","quoteQty":"2394154.92000000","time":1714668233776,"isBuyerMaker":true}