{"symbol":"USDT_IRT","lastTrades":[{"id":96589698,"price":"64639.0000000000000000","qty":"5.96144800","quoteQty":"5.95429426","time":1712475343089,"isBuyerMaker":false},{"id":96589696,"price":"64765.0000000000000000","qty":"1544.04385000","quoteQty":"1542.19099738","time":1712475342884,"isBuyerMaker":false},{"id":96589693,"price":"64767.0000000000000000","qty":"145.90000000","quoteQty":"145.72492000","time":1712475342677,"isBuyerMaker":false},{"id":96589691,"price":"64766.0000000000000000","qty":"3074.92999900","quoteQty":"3071.24008300","time":1712475342388,"isBuyerMaker":false},{"id":96589690,"price":"64767.0000000000000000","qty":"237.66999900","quoteQty":"237.38479500","time":1712475342181,"isBuyerMaker":false},{"id":96589689,"price":"64822.0000000000000000","qty":"1215.28479600","quoteQty":"1213.82645424","time":1712475341987,"isBuyerMaker":false},{"id":96589688,"price":"64767.0000000000000000","qty":"856.35000000","quoteQty":"855.32238000","time":1712475341801,"isBuyerMaker":false},{"id":96589687,"price":"64760.0000000000000000","qty":"149.16660000","quoteQty":"148.98760008","time":1712475341594,"isBuyerMaker":false},{"id":96589680,"price":"64762.0000000000000000","qty":"5.13305600","quoteQty":"5.12689633","time":1712475341282,"isBuyerMaker":false},{"id":96589674,"price":"64762.0000000000000000","qty":"5.18335000","quoteQty":"5.17712998","time":1712475340941,"isBuyerMaker":false},{"id":96589673,"price":"64770.0000000000000000","qty":"6.03276900","quoteQty":"6.02552968","time":1712475340726,"isBuyerMaker":false},{"id":96589672,"price":"64793.0000000000000000","qty":"5.13054400","quoteQty":"5.12438735","time":1712475340466,"isBuyerMaker":false},{"id":96589669,"price":"64800.0000000000000000","qty":"14.69775500","quoteQty":"14.68011769","time":1712475340170,"isBuyerMaker":false},{"id":96589668,"price":"64800.0000000000000000","qty":"278.00000000","quoteQty":"277.66640000","time":1712475339926,"isBuyerMaker":false},{"id":96589667,"price":"64800.0000000000000000","qty":"2.52161400","quoteQty":"2.51858806","time":1712475339689,"isBuyerMaker":false},{"id":96589666,"price":"64800.0000000000000000","qty":"11.77422000","quoteQty":"11.76009094","time":1712475339511,"isBuyerMaker":false},{"id":96589665,"price":"64800.0000000000000000","qty":"6.84000000","quoteQty":"6.83179200","time":1712475339275,"isBuyerMaker":false},{"id":96589662,"price":"64738.0000000000000000","qty":"772.34390900","quoteQty":"771.41709631","time":1712475336991,"isBuyerMaker":false},{"id":96589653,"price":"64739.0000000000000000","qty":"867.17457500","quoteQty":"866.13396551","time":1712475336506,"isBuyerMaker":false},{"id":96589647,"price":"64740.0000000000000000","qty":"1853.56811800","quoteQty":"1851.34383626","time":1712475336229,"isBuyerMaker":false},{"id":96589645,"price":"64744.0000000000000000","qty":"1125.70000000","quoteQty":"1124.34916000","time":1712475335949,"isBuyerMaker":false},{"id":96589643,"price":"64742.0000000000000000","qty":"355.12000000","quoteQty":"354.69385600","time":1712475335687,"isBuyerMaker":false},{"id":96589642,"price":"64741.0000000000000000","qty":"3440.15999900","quoteQty":"3436.03180700","time":1712475335435,"isBuyerMaker":false},{"id":96589640,"price":"64760.0000000000000000","qty":"55.09339900","quoteQty":"55.02728692","time":1712475334913,"isBuyerMaker":false},{"id":96589639,"price":"64746.0000000000000000","qty":"780.00000000","quoteQty":"779.06400000","time":1712475334333,"isBuyerMaker":false},{"id":96589638,"price":"64760.0000000000000000","qty":"18.49000000","quoteQty":"18.46781200","time":1712475333970,"isBuyerMaker":false},{"id":96589600,"price":"64699.0000000000000000","qty":"618.35815800","quoteQty":"616.62675516","time":1712475323591,"isBuyerMaker":false},{"id":96589598,"price":"64700.0000000000000000","qty":"0.43887700","quoteQty":"0.43764814","time":1712475323256,"isBuyerMaker":false},{"id":96589596,"price":"64739.0000000000000000","qty":"677.48938300","quoteQty":"675.59241273","time":1712475323032,"isBuyerMaker":false},{"id":96589594,"price":"64728.0000000000000000","qty":"15.32000000","quoteQty":"15.27710400","time":1712475322758,"isBuyerMaker":false},{"id":96589593,"price":"64711.0000000000000000","qty":"224.70597200","quoteQty":"224.07679528","time":1712475322586,"isBuyerMaker":false},{"id":96589591,"price":"64735.0000000000000000","qty":"7.60366500","quoteQty":"7.58237474","time":1712475322422,"isBuyerMaker":false},{"id":96589589,"price":"64714.0000000000000000","qty":"0.99918600","quoteQty":"0.99638828","time":1712475322262,"isBuyerMaker":false},{"id":96589588,"price":"64699.0000000000000000","qty":"154.45131300","quoteQty":"154.01884932","time":1712475321910,"isBuyerMaker":false},{"id":96589439,"price":"64700.0000000000000000","qty":"9.56112300","quoteQty":"9.53100546","time":1712475294099,"isBuyerMaker":false},{"id":96589437,"price":"64460.0000000000000000","qty":"5.91677500","quoteQty":"5.89813716","time":1712475293198,"isBuyerMaker":false},{"id":96589294,"price":"64460.0000000000000000","qty":"180.24511400","quoteQty":"180.02881986","time":1712475202837,"isBuyerMaker":false},{"id":96589293,"price":"64470.0000000000000000","qty":"695.77044400","quoteQty":"694.93551947","time":1712475202689,"isBuyerMaker":false},{"id":96589292,"price":"64711.0000000000000000","qty":"277.29402800","quoteQty":"276.96127517","time":1712475202521,"isBuyerMaker":false},{"id":96589291,"price":"64687.0000000000000000","qty":"184.18999900","quoteQty":"183.96897100","time":1712475202352,"isBuyerMaker":false},{"id":96589290,"price":"64500.0000000000000000","qty":"131.49961900","quoteQty":"131.34181946","time":1712475202177,"isBuyerMaker":false},{"id":96589289,"price":"64500.0000000000000000","qty":"349.43338800","quoteQty":"349.01406793","time":1712475201960,"isBuyerMaker":false},{"id":96589288,"price":"64476.0000000000000000","qty":"19.80024100","quoteQty":"19.77648071","time":1712475201814,"isBuyerMaker":false},{"id":96589287,"price":"64697.0000000000000000","qty":"52.50000000","quoteQty":"52.43700000","time":1712475201669,"isBuyerMaker":false},{"id":96589286,"price":"64699.0000000000000000","qty":"57.17709100","quoteQty":"57.10847849","time":1712475201521,"isBuyerMaker":false},{"id":96589285,"price":"64500.0000000000000000","qty":"14.00664900","quoteQty":"13.98984102","time":1712475201362,"isBuyerMaker":false},{"id":96589284,"price":"64700.0000000000000000","qty":"874.98000000","quoteQty":"873.93002400","time":1712475201194,"isBuyerMaker":false},{"id":96589283,"price":"64519.0000000000000000","qty":"0.99918600","quoteQty":"0.99798698","time":1712475201018,"isBuyerMaker":false},{"id":96589282,"price":"64500.0000000000000000","qty":"455.01632400","quoteQty":"454.47030441","time":1712475200825,"isBuyerMaker":false},{"id":96589281,"price":"64555.0000000000000000","qty":"42.73793700","quoteQty":"42.68665148","time":1712475200568,"isBuyerMaker":false},{"id":96589280,"price":"64600.0000000000000000","qty":"0.99998000","quoteQty":"0.99878002","time":1712475200201,"isBuyerMaker":false},{"id":96589279,"price":"64331.0000000000000000","qty":"1.55446100","quoteQty":"99800.03052982","time":1712475199935,"isBuyerMaker":true},{"id":96589277,"price":"64401.0000000000000000","qty":"1173.36858100","quoteQty":"75414977.76501104","time":1712475199638,"isBuyerMaker":true},{"id":96589276,"price":"64380.0000000000000000","qty":"1.55327800","quoteQty":"99800.03756472","time":1712475199354,"isBuyerMaker":true},{"id":96589275,"price":"64380.0000000000000000","qty":"15.53277500","quoteQty":"998000.05439100","time":1712475199121,"isBuyerMaker":true},{"id":96589274,"price":"64381.0000000000000000","qty":"1.55325400","quoteQty":"99800.04568245","time":1712475198895,"isBuyerMaker":true},{"id":96589273,"price":"64400.0000000000000000","qty":"1.55279600","quoteQty":"99800.06227520","time":1712475198574,"isBuyerMaker":true},{"id":96589271,"price":"64330.0000000000000000","qty":"310.15976400","quoteQty":"19912672.46288376","time":1712475198393,"isBuyerMaker":true},{"id":96589270,"price":"64400.0000000000000000","qty":"235.94816000","quoteQty":"15164671.38099200","time":1712475198082,"isBuyerMaker":true},{"id":96589269,"price":"64381.0000000000000000","qty":"15.00841800","quoteQty":"964324.44533948","time":1712475197817,"isBuyerMaker":true},{"id":96589268,"price":"64380.0000000000000000","qty":"30.96144700","quoteQty":"1989311.36194428","time":1712475197564,"isBuyerMaker":true},{"id":96589266,"price":"64331.0000000000000000","qty":"140.55133600","quoteQty":"9023724.38022357","time":1712475197364,"isBuyerMaker":true},{"id":96589264,"price":"64331.0000000000000000","qty":"78.57934700","quoteQty":"5044977.79591329","time":1712475197148,"isBuyerMaker":true},{"id":96589263,"price":"64331.0000000000000000","qty":"104.77698400","quoteQty":"6726927.34138859","time":1712475196943,"isBuyerMaker":true},{"id":96589262,"price":"64330.0000000000000000","qty":"104.15047400","quoteQty":"6686599.99243516","time":1712475196723,"isBuyerMaker":true},{"id":96589261,"price":"64330.0000000000000000","qty":"1070.40295100","quoteQty":"68721303.79415434","time":1712475196542,"isBuyerMaker":true},{"id":96589260,"price":"64322.0000000000000000","qty":"16.38694300","quoteQty":"1051932.86575071","time":1712475196332,"isBuyerMaker":true},{"id":96589250,"price":"64460.0000000000000000","qty":"7.75488600","quoteQty":"7.72774390","time":1712475186292,"isBuyerMaker":false},{"id":96589176,"price":"64400.0000000000000000","qty":"24.08542800","quoteQty":"1545982.92804144","time":1712475143226,"isBuyerMaker":true},{"id":96589150,"price":"64450.0000000000000000","qty":"0.00008500","quoteQty":"5.45907612","time":1712475133216,"isBuyerMaker":true},{"id":96589149,"price":"64400.0000000000000000","qty":"30.73816900","quoteQty":"1972609.70030740","time":1712475132572,"isBuyerMaker":true},{"id":96589096,"price":"64450.0000000000000000","qty":"1.55150600","quoteQty":"99882.56779090","time":1712475110577,"isBuyerMaker":true},{"id":96589094,"price":"64450.0000000000000000","qty":"0.01312900","quoteQty":"845.21634626","time":1712475109733,"isBuyerMaker":true},{"id":96588984,"price":"64450.0000000000000000","qty":"2.23177400","quoteQty":"143676.73592558","time":1712475079344,"isBuyerMaker":true},{"id":96588983,"price":"64450.0000000000000000","qty":"1.87897600","quoteQty":"120964.37119642","time":1712475079083,"isBuyerMaker":true},{"id":96588888,"price":"64450.0000000000000000","qty":"2.00000000","quoteQty":"128474.63000000","time":1712475050458,"isBuyerMaker":true},{"id":96588794,"price":"64470.0000000000000000","qty":"15.49558000","quoteQty":"15.44134547","time":1712475032619,"isBuyerMaker":false},{"id":96588749,"price":"64470.0000000000000000","qty":"38.66914800","quoteQty":"38.53380598","time":1712475019995,"isBuyerMaker":false},{"id":96588542,"price":"64470.0000000000000000","qty":"201.60384700","quoteQty":"201.03935623","time":1712474954526,"isBuyerMaker":false},{"id":96588487,"price":"64400.0000000000000000","qty":"19.70000000","quoteQty":"1264239.62000000","time":1712474935017,"isBuyerMaker":true},{"id":96588474,"price":"64400.0000000000000000","qty":"0.02513700","quoteQty":"1613.72350818","time":1712474930150,"isBuyerMaker":true},{"id":96588315,"price":"64470.0000000000000000","qty":"0.02521200","quoteQty":"1623.59717224","time":1712474881821,"isBuyerMaker":true},{"id":96588314,"price":"64471.0000000000000000","qty":"19.58989800","quoteQty":"1261565.77600637","time":1712474881587,"isBuyerMaker":true},{"id":96588283,"price":"64471.0000000000000000","qty":"27.61964700","quoteQty":"1778671.91552385","time":1712474875920,"isBuyerMaker":true},{"id":96588066,"price":"64471.0000000000000000","qty":"27.59362400","quoteQty":"1776996.06574715","time":1712474805740,"isBuyerMaker":true},{"id":96588036,"price":"64471.0000000000000000","qty":"27.63196900","quoteQty":"1779465.43744479","time":1712474800317,"isBuyerMaker":true},{"id":96588004,"price":"64471.0000000000000000","qty":"27.62991900","quoteQty":"1779333.41992021","time":1712474795923,"isBuyerMaker":true},{"id":96587971,"price":"64471.0000000000000000","qty":"27.62786900","quoteQty":"1779201.40239563","time":1712474789996,"isBuyerMaker":true},{"id":96587961,"price":"64471.0000000000000000","qty":"27.62581900","quoteQty":"1779069.38487104","time":1712474785635,"isBuyerMaker":true},{"id":96587678,"price":"64476.0000000000000000","qty":"7.75375300","quoteQty":"7.72661486","time":1712474704134,"isBuyerMaker":false},{"id":96587632,"price":"64470.0000000000000000","qty":"171.37474500","quoteQty":"170.89489571","time":1712474687132,"isBuyerMaker":false},{"id":96587208,"price":"64350.0000000000000000","qty":"388.43822800","quoteQty":"24926011.17187896","time":1712474604024,"isBuyerMaker":true},{"id":96587207,"price":"64464.0000000000000000","qty":"28.54290200","quoteQty":"1834837.66355132","time":1712474603747,"isBuyerMaker":true},{"id":96587206,"price":"64331.0000000000000000","qty":"1582.99977900","quoteQty":"101550818.09825702","time":1712474603534,"isBuyerMaker":true},{"id":96587205,"price":"64459.0000000000000000","qty":"0.01909100","quoteQty":"1227.14112605","time":1712474602989,"isBuyerMaker":true},{"id":96587052,"price":"64464.0000000000000000","qty":"17.19805900","quoteQty":"1104997.11164726","time":1712474559376,"isBuyerMaker":true},{"id":96586947,"price":"64464.0000000000000000","qty":"2.94000000","quoteQty":"188860.82544000","time":1712474532080,"isBuyerMaker":true},{"id":96586892,"price":"64465.0000000000000000","qty":"38.34570800","quoteQty":"38.21149802","time":1712474514259,"isBuyerMaker":false},{"id":96586890,"price":"64470.0000000000000000","qty":"39.19423300","quoteQty":"39.05705318","time":1712474513994,"isBuyerMaker":false},{"id":96586885,"price":"64465.0000000000000000","qty":"7.75368400","quoteQty":"7.73197368","time":1712474511801,"isBuyerMaker":false},{"id":96586857,"price":"64465.0000000000000000","qty":"1.55060800","quoteQty":"99680.05687478","time":1712474502452,"isBuyerMaker":true},{"id":96586646,"price":"64470.0000000000000000","qty":"7.75368300","quoteQty":"7.73197269","time":1712474427755,"isBuyerMaker":false},{"id":96586558,"price":"64464.0000000000000000","qty":"3.31903900","quoteQty":"213209.67524066","time":1712474389273,"isBuyerMaker":true},{"id":96586557,"price":"64464.0000000000000000","qty":"0.89366100","quoteQty":"57407.33133454","time":1712474389049,"isBuyerMaker":true},{"id":96586556,"price":"64464.0000000000000000","qty":"23.05730000","quoteQty":"1481163.50694480","time":1712474388814,"isBuyerMaker":true},{"id":96586524,"price":"64464.0000000000000000","qty":"27.62666300","quoteQty":"1778930.56740393","time":1712474378790,"isBuyerMaker":true},{"id":96586446,"price":"64464.0000000000000000","qty":"1.00000000","quoteQty":"64238.37600000","time":1712474350107,"isBuyerMaker":true},{"id":96586353,"price":"64464.0000000000000000","qty":"31.51921900","quoteQty":"2024743.44134834","time":1712474310668,"isBuyerMaker":true},{"id":96586326,"price":"64464.0000000000000000","qty":"8.72538000","quoteQty":"561842.92667612","time":1712474304778,"isBuyerMaker":true},{"id":96586309,"price":"64464.0000000000000000","qty":"20.00000000","quoteQty":"1285670.01600000","time":1712474299042,"isBuyerMaker":true},{"id":96586289,"price":"64464.0000000000000000","qty":"4.58390000","quoteQty":"294462.29174640","time":1712474289822,"isBuyerMaker":true},{"id":96586203,"price":"64464.0000000000000000","qty":"19.01000000","quoteQty":"1221821.02189920","time":1712474261053,"isBuyerMaker":true},{"id":96586108,"price":"64464.0000000000000000","qty":"20.67677000","quoteQty":"1328242.12572552","time":1712474219865,"isBuyerMaker":true},{"id":96585965,"price":"64464.0000000000000000","qty":"19.10000000","quoteQty":"1227814.86528000","time":1712474175806,"isBuyerMaker":true},{"id":96585817,"price":"64461.0000000000000000","qty":"14.50000000","quoteQty":"14.45940000","time":1712474130966,"isBuyerMaker":false},{"id":96585815,"price":"64461.0000000000000000","qty":"227.68770300","quoteQty":"227.05017743","time":1712474130723,"isBuyerMaker":false},{"id":96585813,"price":"64464.0000000000000000","qty":"277.13275900","quoteQty":"276.35678727","time":1712474130466,"isBuyerMaker":false},{"id":96585618,"price":"64464.0000000000000000","qty":"11.00000000","quoteQty":"10.96733000","time":1712474054270,"isBuyerMaker":false},{"id":96585408,"price":"64464.0000000000000000","qty":"77.56267000","quoteQty":"77.32222572","time":1712473984017,"isBuyerMaker":false},{"id":96585394,"price":"64459.0000000000000000","qty":"1.76683200","quoteQty":"113760.66907725","time":1712473974866,"isBuyerMaker":true},{"id":96585357,"price":"64459.0000000000000000","qty":"27.68428200","quoteQty":"1782502.49216855","time":1712473968540,"isBuyerMaker":true},{"id":96585349,"price":"64464.0000000000000000","qty":"128.51799400","quoteQty":"128.15814362","time":1712473966075,"isBuyerMaker":false},{"id":96585344,"price":"64464.0000000000000000","qty":"165.00000000","quoteQty":"164.42250000","time":1712473962375,"isBuyerMaker":false},{"id":96585296,"price":"64464.0000000000000000","qty":"4.65189800","quoteQty":"4.63561636","time":1712473947347,"isBuyerMaker":false},{"id":96585163,"price":"64464.0000000000000000","qty":"62.54835200","quoteQty":"62.35132469","time":1712473892700,"isBuyerMaker":false},{"id":96585126,"price":"64454.0000000000000000","qty":"74.49000000","quoteQty":"4784374.33539000","time":1712473886090,"isBuyerMaker":true},{"id":96584904,"price":"64459.0000000000000000","qty":"7.35076600","quoteQty":"7.33900477","time":1712473815560,"isBuyerMaker":false},{"id":96584903,"price":"64464.0000000000000000","qty":"3.79294200","quoteQty":"3.78687329","time":1712473814747,"isBuyerMaker":false},{"id":96584874,"price":"64459.0000000000000000","qty":"2.32519800","quoteQty":"2.32143118","time":1712473799838,"isBuyerMaker":false},{"id":96584778,"price":"64454.0000000000000000","qty":"53.47000000","quoteQty":"3435499.36055300","time":1712473776074,"isBuyerMaker":true},{"id":96584698,"price":"64454.0000000000000000","qty":"24.96495300","quoteQty":"1607288.89865166","time":1712473755084,"isBuyerMaker":true},{"id":96584678,"price":"64459.0000000000000000","qty":"9.27267900","quoteQty":"9.24022462","time":1712473740937,"isBuyerMaker":false},{"id":96584672,"price":"64464.0000000000000000","qty":"1.08401500","quoteQty":"1.08097976","time":1712473739642,"isBuyerMaker":false},{"id":96584649,"price":"64454.0000000000000000","qty":"14.34214500","quoteQty":"921173.18368160","time":1712473731315,"isBuyerMaker":true},{"id":96584618,"price":"64464.0000000000000000","qty":"10.85660200","quoteQty":"10.81860389","time":1712473722091,"isBuyerMaker":false},{"id":96584598,"price":"64454.0000000000000000","qty":"1.78220100","quoteQty":"114741.32887276","time":1712473720545,"isBuyerMaker":true},{"id":96584460,"price":"64454.0000000000000000","qty":"19.14859500","quoteQty":"19.09497893","time":1712473674997,"isBuyerMaker":false},{"id":96584380,"price":"64400.0000000000000000","qty":"8.46000000","quoteQty":"542917.11600000","time":1712473653991,"isBuyerMaker":true},{"id":96584305,"price":"64400.0000000000000000","qty":"28.83263800","quoteQty":"28.73172377","time":1712473637514,"isBuyerMaker":false},{"id":96584292,"price":"64380.0000000000000000","qty":"18.13424600","quoteQty":"1166175.17679162","time":1712473633557,"isBuyerMaker":true},{"id":96584247,"price":"64400.0000000000000000","qty":"9.23686300","quoteQty":"9.20453398","time":1712473617661,"isBuyerMaker":false},{"id":96584156,"price":"64380.0000000000000000","qty":"1.08529000","quoteQty":"69650.87664387","time":1712473586154,"isBuyerMaker":true},{"id":96584116,"price":"64380.0000000000000000","qty":"51.93778800","quoteQty":"51.79236219","time":1712473571690,"isBuyerMaker":false},{"id":96584077,"price":"64380.0000000000000000","qty":"15.52966700","quoteQty":"15.47531317","time":1712473553746,"isBuyerMaker":false},{"id":96584052,"price":"64330.0000000000000000","qty":"69.07000000","quoteQty":"4427721.64415000","time":1712473549638,"isBuyerMaker":true},{"id":96583895,"price":"64380.0000000000000000","qty":"46.59832200","quoteQty":"46.43522787","time":1712473503285,"isBuyerMaker":false},{"id":96583778,"price":"64322.0000000000000000","qty":"192.93000000","quoteQty":"12366209.70789000","time":1712473465063,"isBuyerMaker":true},{"id":96583701,"price":"64322.0000000000000000","qty":"14.23591600","quoteQty":"912798.18879680","time":1712473436652,"isBuyerMaker":true},{"id":96583670,"price":"64380.0000000000000000","qty":"8.56422300","quoteQty":"8.53424822","time":1712473427697,"isBuyerMaker":false},{"id":96583569,"price":"64333.0000000000000000","qty":"3.89666800","quoteQty":"249982.42628516","time":1712473401442,"isBuyerMaker":true},{"id":96583563,"price":"64322.0000000000000000","qty":"8.15333200","quoteQty":"522970.19276547","time":1712473401198,"isBuyerMaker":true},{"id":96583556,"price":"64333.0000000000000000","qty":"11.33377300","quoteQty":"728318.98651638","time":1712473400837,"isBuyerMaker":true},{"id":96583555,"price":"64333.0000000000000000","qty":"17.14309700","quoteQty":"1101631.64841858","time":1712473400523,"isBuyerMaker":true},{"id":96583554,"price":"64400.0000000000000000","qty":"15.52795000","quoteQty":"15.47360218","time":1712473400489,"isBuyerMaker":false},{"id":96583541,"price":"64333.0000000000000000","qty":"1.00000000","quoteQty":"64152.86760000","time":1712473391713,"isBuyerMaker":true},{"id":96583360,"price":"64333.0000000000000000","qty":"28.47994200","quoteQty":"1830148.04456427","time":1712473351345,"isBuyerMaker":true},{"id":96583184,"price":"64400.0000000000000000","qty":"1.02454900","quoteQty":"1.02169051","time":1712473292312,"isBuyerMaker":false},{"id":96583082,"price":"64350.0000000000000000","qty":"17.39000000","quoteQty":"1116136.97910000","time":1712473261829,"isBuyerMaker":true},{"id":96582995,"price":"64350.0000000000000000","qty":"24.87059500","quoteQty":"1595941.60444290","time":1712473236553,"isBuyerMaker":true},{"id":96582817,"price":"64333.0000000000000000","qty":"1.40315200","quoteQty":"89953.03619434","time":1712473176145,"isBuyerMaker":true},{"id":96582816,"price":"64322.0000000000000000","qty":"33.50109200","quoteQty":"2147315.23928532","time":1712473175890,"isBuyerMaker":true},{"id":96582716,"price":"64400.0000000000000000","qty":"20.18229800","quoteQty":"20.11165996","time":1712473146442,"isBuyerMaker":false},{"id":96582669,"price":"64400.0000000000000000","qty":"8.38476700","quoteQty":"8.35542032","time":1712473126487,"isBuyerMaker":false},{"id":96581806,"price":"64449.0000000000000000","qty":"147.37389200","quoteQty":"146.93619154","time":1712472863921,"isBuyerMaker":false},{"id":96581755,"price":"64321.0000000000000000","qty":"19.42000000","quoteQty":"1244741.92163000","time":1712472843231,"isBuyerMaker":true},{"id":96581516,"price":"64321.0000000000000000","qty":"8.28547400","quoteQty":"532333.09158407","time":1712472799047,"isBuyerMaker":true},{"id":96581220,"price":"64449.0000000000000000","qty":"155.13041300","quoteQty":"154.58745655","time":1712472718570,"isBuyerMaker":false},{"id":96580671,"price":"64450.0000000000000000","qty":"77.56400300","quoteQty":"77.34682379","time":1712472571367,"isBuyerMaker":false},{"id":96580611,"price":"64450.0000000000000000","qty":"1.87512800","quoteQty":"1.86931510","time":1712472556763,"isBuyerMaker":false},{"id":96580476,"price":"64321.0000000000000000","qty":"32.28000000","quoteQty":"2071049.64966240","time":1712472512362,"isBuyerMaker":true},{"id":96580339,"price":"64321.0000000000000000","qty":"77.82292700","quoteQty":"4992633.80149933","time":1712472474030,"isBuyerMaker":true},{"id":96580319,"price":"64321.0000000000000000","qty":"3.55597200","quoteQty":"228467.50449599","time":1712472466036,"isBuyerMaker":true},{"id":96579926,"price":"64321.0000000000000000","qty":"236.98000000","quoteQty":"15218402.11507200","time":1712472317775,"isBuyerMaker":true},{"id":96579832,"price":"64321.0000000000000000","qty":"34.00000000","quoteQty":"2179259.80100000","time":1712472273007,"isBuyerMaker":true},{"id":96579693,"price":"64454.0000000000000000","qty":"7.64886500","quoteQty":"7.62897795","time":1712472213073,"isBuyerMaker":false},{"id":96579598,"price":"64454.0000000000000000","qty":"279.21308200","quoteQty":"278.48712799","time":1712472191930,"isBuyerMaker":false},{"id":96579579,"price":"64321.0000000000000000","qty":"1.47000000","quoteQty":"94287.12476400","time":1712472184525,"isBuyerMaker":true},{"id":96579573,"price":"64360.0000000000000000","qty":"34.95985000","quoteQty":"2244165.90454040","time":1712472182990,"isBuyerMaker":true},{"id":96579570,"price":"64321.0000000000000000","qty":"218.72015000","quoteQty":"14031721.19135281","time":1712472182753,"isBuyerMaker":true},{"id":96579391,"price":"64360.0000000000000000","qty":"80.04611200","quoteQty":"79.83799211","time":1712472115665,"isBuyerMaker":false},{"id":96579390,"price":"64387.0000000000000000","qty":"30.88888500","quoteQty":"30.80857390","time":1712472115467,"isBuyerMaker":false},{"id":96579389,"price":"64454.0000000000000000","qty":"80.00945800","quoteQty":"79.80143341","time":1712472115234,"isBuyerMaker":false},{"id":96579185,"price":"64321.0000000000000000","qty":"234.94000000","quoteQty":"15061707.54005800","time":1712472055608,"isBuyerMaker":true},{"id":96579079,"price":"64454.0000000000000000","qty":"42.54815300","quoteQty":"2733348.73790558","time":1712471983875,"isBuyerMaker":true},{"id":96579055,"price":"64454.0000000000000000","qty":"112.57022500","quoteQty":"112.25502837","time":1712471970995,"isBuyerMaker":false},{"id":96578978,"price":"64453.0000000000000000","qty":"775.75908000","quoteQty":"774.82816910","time":1712471914188,"isBuyerMaker":false},{"id":96578977,"price":"64454.0000000000000000","qty":"257.39092000","quoteQty":"257.08205090","time":1712471913761,"isBuyerMaker":false},{"id":96578932,"price":"64400.0000000000000000","qty":"155.24844700","quoteQty":"9986002.38681584","time":1712471896329,"isBuyerMaker":true},{"id":96578930,"price":"64427.0000000000000000","qty":"709.93951700","quoteQty":"45684386.13384489","time":1712471896088,"isBuyerMaker":true},{"id":96578929,"price":"64402.0000000000000000","qty":"155.12078500","quoteQty":"9978100.68901532","time":1712471895829,"isBuyerMaker":true},{"id":96578928,"price":"64398.0000000000000000","qty":"67.63100400","quoteQty":"4350075.03391729","time":1712471895321,"isBuyerMaker":true},{"id":96578924,"price":"64321.0000000000000000","qty":"0.00012600","quoteQty":"8.09472066","time":1712471894280,"isBuyerMaker":true},{"id":96578920,"price":"64344.0000000000000000","qty":"0.00012100","quoteQty":"7.77628125","time":1712471893886,"isBuyerMaker":true},{"id":96578699,"price":"64453.0000000000000000","qty":"24.96907800","quoteQty":"24.88168623","time":1712471832153,"isBuyerMaker":false},{"id":96578684,"price":"64427.0000000000000000","qty":"23.94653300","quoteQty":"1541075.34191562","time":1712471824077,"isBuyerMaker":true},{"id":96578240,"price":"64453.0000000000000000","qty":"323.63786000","quoteQty":"322.61840074","time":1712471683065,"isBuyerMaker":false},{"id":96578030,"price":"64454.0000000000000000","qty":"6.85350700","quoteQty":"440344.47196644","time":1712471618337,"isBuyerMaker":true},{"id":96578029,"price":"64454.0000000000000000","qty":"6.91534800","quoteQty":"444317.81619603","time":1712471618101,"isBuyerMaker":true},{"id":96577927,"price":"64454.0000000000000000","qty":"12.60232900","quoteQty":"811360.77039103","time":1712471578660,"isBuyerMaker":true},{"id":96577907,"price":"64454.0000000000000000","qty":"29.29605000","quoteQty":"1886132.76938050","time":1712471573766,"isBuyerMaker":true},{"id":96577888,"price":"64454.0000000000000000","qty":"160.00000000","quoteQty":"10283764.60800000","time":1712471569021,"isBuyerMaker":true},{"id":96577874,"price":"64454.0000000000000000","qty":"22.00233000","quoteQty":"1416549.86306084","time":1712471565045,"isBuyerMaker":true},{"id":96577796,"price":"64454.0000000000000000","qty":"126.17276300","quoteQty":"8109568.71645607","time":1712471538211,"isBuyerMaker":true},{"id":96577765,"price":"64454.0000000000000000","qty":"15.43233300","quoteQty":"15.39838187","time":1712471522544,"isBuyerMaker":false},{"id":96577483,"price":"64402.0000000000000000","qty":"77.96031100","quoteQty":"5003227.14920042","time":1712471436445,"isBuyerMaker":true},{"id":96577482,"price":"64401.0000000000000000","qty":"7.95983900","quoteQty":"510827.41586896","time":1712471436245,"isBuyerMaker":true},{"id":96577481,"price":"64400.0000000000000000","qty":"14.07985000","quoteQty":"903568.74181000","time":1712471436078,"isBuyerMaker":true},{"id":96577396,"price":"64453.0000000000000000","qty":"387.81146200","quoteQty":"24970616.54812571","time":1712471416805,"isBuyerMaker":true},{"id":96577390,"price":"64401.0000000000000000","qty":"0.90000000","quoteQty":"57810.20166000","time":1712471412272,"isBuyerMaker":true},{"id":96577368,"price":"64453.0000000000000000","qty":"23.00000000","quoteQty":"22.91950000","time":1712471399240,"isBuyerMaker":false},{"id":96577367,"price":"64401.0000000000000000","qty":"71.50931700","quoteQty":"4592376.76384947","time":1712471399094,"isBuyerMaker":true},{"id":96577116,"price":"64401.0000000000000000","qty":"7.76385400","quoteQty":"498349.96158120","time":1712471343223,"isBuyerMaker":true},{"id":96577022,"price":"64401.0000000000000000","qty":"300.00000000","quoteQty":"19266203.16000000","time":1712471306990,"isBuyerMaker":true},{"id":96576953,"price":"64453.0000000000000000","qty":"28.31000000","quoteQty":"28.27602800","time":1712471280419,"isBuyerMaker":false},{"id":96576911,"price":"64400.0000000000000000","qty":"29.30166500","quoteQty":"1884913.75550688","time":1712471263694,"isBuyerMaker":true},{"id":96576908,"price":"64453.0000000000000000","qty":"0.99453800","quoteQty":"0.99105712","time":1712471262171,"isBuyerMaker":false},{"id":96576850,"price":"64400.0000000000000000","qty":"20.85091900","quoteQty":"1338099.38645740","time":1712471247265,"isBuyerMaker":true},{"id":96576846,"price":"64400.0000000000000000","qty":"8.96808000","quoteQty":"575522.94676800","time":1712471246892,"isBuyerMaker":true},{"id":96576597,"price":"64400.0000000000000000","qty":"131.94150600","quoteQty":"8470267.33249284","time":1712471171018,"isBuyerMaker":true},{"id":96576596,"price":"64400.0000000000000000","qty":"23.24886000","quoteQty":"23.17981089","time":1712471170404,"isBuyerMaker":false},{"id":96576595,"price":"64426.0000000000000000","qty":"18.88549400","quoteQty":"1212884.17840920","time":1712471169958,"isBuyerMaker":true},{"id":96576585,"price":"64453.0000000000000000","qty":"566.15000000","quoteQty":"565.47062000","time":1712471164643,"isBuyerMaker":false},{"id":96576556,"price":"64439.0000000000000000","qty":"20.00000000","quoteQty":"1287233.46400000","time":1712471154802,"isBuyerMaker":true},{"id":96576555,"price":"64439.0000000000000000","qty":"0.81447500","quoteQty":"52420.97377957","time":1712471154554,"isBuyerMaker":true},{"id":96576554,"price":"64439.0000000000000000","qty":"4.76348100","quoteQty":"306585.60741641","time":1712471154350,"isBuyerMaker":true},{"id":96576553,"price":"64439.0000000000000000","qty":"570.27166400","quoteQty":"36703638.47358820","time":1712471154198,"isBuyerMaker":true},{"id":96576552,"price":"64426.0000000000000000","qty":"0.00038000","quoteQty":"24.45250174","time":1712471154008,"isBuyerMaker":true},{"id":96576460,"price":"64439.0000000000000000","qty":"8.31000000","quoteQty":"534202.91858400","time":1712471114986,"isBuyerMaker":true},{"id":96576352,"price":"64439.0000000000000000","qty":"1.39040000","quoteQty":"89282.39965040","time":1712471087872,"isBuyerMaker":true},{"id":96576092,"price":"64439.0000000000000000","qty":"16.65922000","quoteQty":"1069746.21540847","time":1712471002565,"isBuyerMaker":true},{"id":96576079,"price":"64453.0000000000000000","qty":"0.77576000","quoteQty":"0.77331636","time":1712470992958,"isBuyerMaker":false},{"id":96576057,"price":"64453.0000000000000000","qty":"19.41273600","quoteQty":"19.39099374","time":1712470984500,"isBuyerMaker":false},{"id":96576001,"price":"64453.0000000000000000","qty":"29.22285600","quoteQty":"29.19012640","time":1712470979247,"isBuyerMaker":false},{"id":96575974,"price":"64453.0000000000000000","qty":"29.22196700","quoteQty":"29.18923840","time":1712470974616,"isBuyerMaker":false},{"id":96575955,"price":"64439.0000000000000000","qty":"13.47000000","quoteQty":"865910.14600800","time":1712470972997,"isBuyerMaker":true},{"id":96575844,"price":"64453.0000000000000000","qty":"18.10058400","quoteQty":"18.03723196","time":1712470945958,"isBuyerMaker":false},{"id":96575533,"price":"64439.0000000000000000","qty":"30.07000000","quoteQty":"1930898.84744500","time":1712470860705,"isBuyerMaker":true},{"id":96575383,"price":"64439.0000000000000000","qty":"3.70870300","quoteQty":"238148.66472284","time":1712470802487,"isBuyerMaker":true},{"id":96575312,"price":"64439.0000000000000000","qty":"7.82000000","quoteQty":"502703.58884800","time":1712470780008,"isBuyerMaker":true},{"id":96575182,"price":"64453.0000000000000000","qty":"2.33409800","quoteQty":"150078.56330985","time":1712470731236,"isBuyerMaker":true},{"id":96574972,"price":"64454.0000000000000000","qty":"9.30060900","quoteQty":"9.27456729","time":1712470674937,"isBuyerMaker":false},{"id":96574964,"price":"64454.0000000000000000","qty":"15.72886100","quoteQty":"1010239.74886987","time":1712470673292,"isBuyerMaker":true},{"id":96574953,"price":"64454.0000000000000000","qty":"29.25427900","quoteQty":"1883443.47673149","time":1712470670483,"isBuyerMaker":true},{"id":96574942,"price":"64454.0000000000000000","qty":"29.24472600","quoteQty":"1882828.43728604","time":1712470666345,"isBuyerMaker":true},{"id":96574910,"price":"64454.0000000000000000","qty":"6.99543000","quoteQty":"449305.35316173","time":1712470663577,"isBuyerMaker":true},{"id":96574896,"price":"64454.0000000000000000","qty":"29.23517300","quoteQty":"1882213.39784059","time":1712470661355,"isBuyerMaker":true},{"id":96574832,"price":"64454.0000000000000000","qty":"29.22566600","quoteQty":"1881601.31995847","time":1712470645024,"isBuyerMaker":true},{"id":96574805,"price":"64454.0000000000000000","qty":"29.73749900","quoteQty":"1914554.05569419","time":1712470640257,"isBuyerMaker":true},{"id":96574789,"price":"64454.0000000000000000","qty":"29.72416900","quoteQty":"1913695.84614663","time":1712470635579,"isBuyerMaker":true},{"id":96574758,"price":"64454.0000000000000000","qty":"29.71084000","quoteQty":"1912837.70098088","time":1712470626071,"isBuyerMaker":true},{"id":96574757,"price":"64454.0000000000000000","qty":"18.99000000","quoteQty":"1219697.52489000","time":1712470625561,"isBuyerMaker":true},{"id":96574717,"price":"64454.0000000000000000","qty":"29.69751000","quoteQty":"1911979.49143332","time":1712470620939,"isBuyerMaker":true},{"id":96574697,"price":"64454.0000000000000000","qty":"29.68418000","quoteQty":"1911121.28188575","time":1712470615791,"isBuyerMaker":true},{"id":96574514,"price":"64453.0000000000000000","qty":"12.50000000","quoteQty":"802842.68125000","time":1712470565956,"isBuyerMaker":true},{"id":96574399,"price":"64453.0000000000000000","qty":"11.84000000","quoteQty":"761292.02355200","time":1712470539080,"isBuyerMaker":true},{"id":96574374,"price":"64453.0000000000000000","qty":"3.32590200","quoteQty":"214124.27352100","time":1712470531317,"isBuyerMaker":true},{"id":96574358,"price":"64499.0000000000000000","qty":"36.32843400","quoteQty":"36.20128448","time":1712470526985,"isBuyerMaker":false},{"id":96574318,"price":"64499.0000000000000000","qty":"16.74109600","quoteQty":"16.69422093","time":1712470512177,"isBuyerMaker":false},{"id":96574169,"price":"64499.0000000000000000","qty":"77.50507700","quoteQty":"77.23380923","time":1712470463456,"isBuyerMaker":false},{"id":96573958,"price":"64454.0000000000000000","qty":"155.14940800","quoteQty":"154.71498966","time":1712470431545,"isBuyerMaker":false},{"id":96573957,"price":"64454.0000000000000000","qty":"64.64880200","quoteQty":"64.46778535","time":1712470431313,"isBuyerMaker":false},{"id":96573956,"price":"64490.0000000000000000","qty":"119.61124300","quoteQty":"119.27633152","time":1712470431159,"isBuyerMaker":false},{"id":96573955,"price":"64465.0000000000000000","qty":"47.74959100","quoteQty":"47.61589215","time":1712470430962,"isBuyerMaker":false},{"id":96573953,"price":"64500.0000000000000000","qty":"0.57705000","quoteQty":"0.57543426","time":1712470430753,"isBuyerMaker":false},{"id":96573583,"price":"64399.0000000000000000","qty":"12.57944800","quoteQty":"12.56535902","time":1712470360553,"isBuyerMaker":false},{"id":96573540,"price":"64399.0000000000000000","qty":"86.41688500","quoteQty":"86.17491772","time":1712470351568,"isBuyerMaker":false},{"id":96573539,"price":"64399.0000000000000000","qty":"70.23393200","quoteQty":"70.01269511","time":1712470351390,"isBuyerMaker":false},{"id":96573490,"price":"64399.0000000000000000","qty":"140.60076000","quoteQty":"9029195.60787893","time":1712470339940,"isBuyerMaker":true},{"id":96573467,"price":"64399.0000000000000000","qty":"16.72498100","quoteQty":"1073302.29923903","time":1712470323280,"isBuyerMaker":true},{"id":96573421,"price":"64454.0000000000000000","qty":"15.51494100","quoteQty":"15.46606894","time":1712470309842,"isBuyerMaker":false},{"id":96573349,"price":"64399.0000000000000000","qty":"25.92486100","quoteQty":"1667665.24420064","time":1712470290607,"isBuyerMaker":true},{"id":96573208,"price":"64399.0000000000000000","qty":"23.89586000","quoteQty":"1537145.95431328","time":1712470248992,"isBuyerMaker":true},{"id":96573067,"price":"64399.0000000000000000","qty":"25.00000000","quoteQty":"1604340.08750000","time":1712470214855,"isBuyerMaker":true},{"id":96573009,"price":"64453.0000000000000000","qty":"164.46623400","quoteQty":"10570661.22189799","time":1712470191956,"isBuyerMaker":true},{"id":96573007,"price":"64453.0000000000000000","qty":"29.83204900","quoteQty":"1920611.55733630","time":1712470191362,"isBuyerMaker":true},{"id":96572984,"price":"64453.0000000000000000","qty":"29.82575200","quoteQty":"1920206.15135911","time":1712470186259,"isBuyerMaker":true},{"id":96572941,"price":"64453.0000000000000000","qty":"29.81452800","quoteQty":"1919483.54111803","time":1712470180180,"isBuyerMaker":true},{"id":96572927,"price":"64453.0000000000000000","qty":"29.80318600","quoteQty":"1918753.33394107","time":1712470174332,"isBuyerMaker":true},{"id":96572893,"price":"64453.0000000000000000","qty":"4.28324600","quoteQty":"275758.85821703","time":1712470164415,"isBuyerMaker":true},{"id":96572876,"price":"64453.0000000000000000","qty":"29.79649400","quoteQty":"1918322.49754288","time":1712470159692,"isBuyerMaker":true},{"id":96572795,"price":"64453.0000000000000000","qty":"29.74476800","quoteQty":"1914992.33562827","time":1712470139026,"isBuyerMaker":true},{"id":96572607,"price":"64453.0000000000000000","qty":"70.08527100","quoteQty":"69.83997255","time":1712470073804,"isBuyerMaker":false},{"id":96572382,"price":"64453.0000000000000000","qty":"1.19590200","quoteQty":"1.19456259","time":1712469999172,"isBuyerMaker":false},{"id":96572212,"price":"64450.0000000000000000","qty":"1.45631900","quoteQty":"1.45122188","time":1712469938075,"isBuyerMaker":false},{"id":96572211,"price":"64450.0000000000000000","qty":"52.56425400","quoteQty":"52.38027911","time":1712469937896,"isBuyerMaker":false},{"id":96572210,"price":"64454.0000000000000000","qty":"256.05694600","quoteQty":"255.16074669","time":1712469937661,"isBuyerMaker":false},{"id":96572108,"price":"64450.0000000000000000","qty":"38.78200100","quoteQty":"38.65983770","time":1712469907912,"isBuyerMaker":false},{"id":96572046,"price":"64450.0000000000000000","qty":"1.00000000","quoteQty":"0.99766000","time":1712469887441,"isBuyerMaker":false},{"id":96571930,"price":"64362.0000000000000000","qty":"9.89238500","quoteQty":"9.85974013","time":1712469842628,"isBuyerMaker":false},{"id":96571929,"price":"64448.0000000000000000","qty":"42.67896100","quoteQty":"42.53812043","time":1712469842375,"isBuyerMaker":false},{"id":96571928,"price":"64450.0000000000000000","qty":"49.88696700","quoteQty":"49.72234001","time":1712469842124,"isBuyerMaker":false},{"id":96571870,"price":"64344.0000000000000000","qty":"1.19928600","quoteQty":"77080.43150261","time":1712469825649,"isBuyerMaker":true},{"id":96571706,"price":"64362.0000000000000000","qty":"0.00000100","quoteQty":"0.06413673","time":1712469796680,"isBuyerMaker":true},{"id":96571703,"price":"64448.0000000000000000","qty":"34.32103900","quoteQty":"34.23866851","time":1712469795008,"isBuyerMaker":false},{"id":96571579,"price":"64362.0000000000000000","qty":"10.59999900","quoteQty":"681473.03004609","time":1712469755966,"isBuyerMaker":true},{"id":96571578,"price":"64362.0000000000000000","qty":"0.00351100","quoteQty":"225.72189002","time":1712469755806,"isBuyerMaker":true},{"id":96571542,"price":"64362.0000000000000000","qty":"17.80963400","quoteQty":"1144979.84820487","time":1712469749249,"isBuyerMaker":true},{"id":96571516,"price":"64362.0000000000000000","qty":"29.77685500","quoteQty":"1914351.46381551","time":1712469744138,"isBuyerMaker":true},{"id":96571514,"price":"64362.0000000000000000","qty":"0.00454400","quoteQty":"292.13337176","time":1712469743906,"isBuyerMaker":true},{"id":96571147,"price":"64400.0000000000000000","qty":"10.00000000","quoteQty":"9.96850000","time":1712469673196,"isBuyerMaker":false},{"id":96571142,"price":"64400.0000000000000000","qty":"27.13000000","quoteQty":"27.04454050","time":1712469672481,"isBuyerMaker":false},{"id":96571139,"price":"64400.0000000000000000","qty":"19.00000900","quoteQty":"18.94015897","time":1712469671383,"isBuyerMaker":false},{"id":96571136,"price":"64450.0000000000000000","qty":"7.76677800","quoteQty":"7.74231265","time":1712469670752,"isBuyerMaker":false},{"id":96571132,"price":"64400.0000000000000000","qty":"5.15753000","quoteQty":"5.14128378","time":1712469669583,"isBuyerMaker":false},{"id":96571131,"price":"64400.0000000000000000","qty":"66.28466700","quoteQty":"66.07587030","time":1712469668935,"isBuyerMaker":false},{"id":96571128,"price":"64427.0000000000000000","qty":"19.89509400","quoteQty":"19.83242445","time":1712469668257,"isBuyerMaker":false},{"id":96571098,"price":"64362.0000000000000000","qty":"47.58545600","quoteQty":"47.47410603","time":1712469657257,"isBuyerMaker":false},{"id":96570999,"price":"64362.0000000000000000","qty":"15.53401000","quoteQty":"15.49051477","time":1712469621745,"isBuyerMaker":false},{"id":96570841,"price":"64325.0000000000000000","qty":"16.05770500","quoteQty":"1031755.01282598","time":1712469569439,"isBuyerMaker":true},{"id":96570826,"price":"64325.0000000000000000","qty":"30.32038300","quoteQty":"1948174.23480215","time":1712469563919,"isBuyerMaker":true},{"id":96570797,"price":"64325.0000000000000000","qty":"6.32969200","quoteQty":"405874.89197062","time":1712469550617,"isBuyerMaker":true},{"id":96570736,"price":"64320.0000000000000000","qty":"30.31600300","quoteQty":"1947741.39660948","time":1712469530232,"isBuyerMaker":true},{"id":96570629,"price":"64325.0000000000000000","qty":"99.28783200","quoteQty":"6366571.72055079","time":1712469502980,"isBuyerMaker":true},{"id":96570419,"price":"64320.0000000000000000","qty":"91.92352300","quoteQty":"5891827.17586224","time":1712469459574,"isBuyerMaker":true},{"id":96570353,"price":"64350.0000000000000000","qty":"15.00000000","quoteQty":"14.94750000","time":1712469446310,"isBuyerMaker":false},{"id":96570027,"price":"64350.0000000000000000","qty":"15.66836700","quoteQty":"15.61666139","time":1712469368957,"isBuyerMaker":false},{"id":96570025,"price":"64350.0000000000000000","qty":"2.33181100","quoteQty":"2.32411602","time":1712469367763,"isBuyerMaker":false},{"id":96570024,"price":"64350.0000000000000000","qty":"78.77695100","quoteQty":"78.51698706","time":1712469366680,"isBuyerMaker":false},{"id":96570021,"price":"64400.0000000000000000","qty":"136.21726300","quoteQty":"135.76774603","time":1712469365952,"isBuyerMaker":false},{"id":96569819,"price":"64315.0000000000000000","qty":"4.49000000","quoteQty":"287821.39464500","time":1712469314350,"isBuyerMaker":true},{"id":96569742,"price":"64315.0000000000000000","qty":"76.26728400","quoteQty":"4888943.44023748","time":1712469295502,"isBuyerMaker":true},{"id":96569452,"price":"64350.0000000000000000","qty":"2.14223700","quoteQty":"2.13548895","time":1712469228408,"isBuyerMaker":false},{"id":96569436,"price":"64300.0000000000000000","qty":"637.63608100","quoteQty":"40885200.00827676","time":1712469222855,"isBuyerMaker":true},{"id":96569415,"price":"64300.0000000000000000","qty":"70.93000000","quoteQty":"4544836.20350000","time":1712469215197,"isBuyerMaker":true},{"id":96569344,"price":"64350.0000000000000000","qty":"30.19829900","quoteQty":"30.16447691","time":1712469185278,"isBuyerMaker":false},{"id":96569343,"price":"64300.0000000000000000","qty":"1.58924300","quoteQty":"101830.66576285","time":1712469184211,"isBuyerMaker":true},{"id":96569259,"price":"64350.0000000000000000","qty":"46.62004600","quoteQty":"46.45687584","time":1712469152863,"isBuyerMaker":false},{"id":96569029,"price":"64350.0000000000000000","qty":"1.59482500","quoteQty":"1.58924311","time":1712469052188,"isBuyerMaker":false},{"id":96568871,"price":"64350.0000000000000000","qty":"38.84226800","quoteQty":"2490751.69598970","time":1712468997061,"isBuyerMaker":true},{"id":96568516,"price":"64350.0000000000000000","qty":"1.00000000","quoteQty":"0.99766000","time":1712468899830,"isBuyerMaker":false},{"id":96568459,"price":"64274.0000000000000000","qty":"111.17014600","quoteQty":"7120341.23912999","time":1712468891628,"isBuyerMaker":true},{"id":96568456,"price":"64230.0000000000000000","qty":"15.46982800","quoteQty":"991639.79833512","time":1712468891097,"isBuyerMaker":true},{"id":96568454,"price":"64230.0000000000000000","qty":"15.80070100","quoteQty":"1012849.26717954","time":1712468890437,"isBuyerMaker":true},{"id":96568453,"price":"64274.0000000000000000","qty":"147.77515000","quoteQty":"9464856.64113115","time":1712468890429,"isBuyerMaker":true},{"id":96568449,"price":"64274.0000000000000000","qty":"10.00000000","quoteQty":"640490.41000000","time":1712468889673,"isBuyerMaker":true},{"id":96568447,"price":"64243.0000000000000000","qty":"10.00000000","quoteQty":"640181.49500000","time":1712468888666,"isBuyerMaker":true},{"id":96568445,"price":"64251.0000000000000000","qty":"10.00000000","quoteQty":"640261.21500000","time":1712468887766,"isBuyerMaker":true},{"id":96568443,"price":"64254.0000000000000000","qty":"10.00000000","quoteQty":"640291.11000000","time":1712468886787,"isBuyerMaker":true},{"id":96568433,"price":"64274.0000000000000000","qty":"10.00000000","quoteQty":"640490.41000000","time":1712468885882,"isBuyerMaker":true},{"id":96568418,"price":"64250.0000000000000000","qty":"5.25000000","quoteQty":"336131.90625000","time":1712468885327,"isBuyerMaker":true},{"id":96568417,"price":"64274.0000000000000000","qty":"2.83906700","quoteQty":"181839.51868475","time":1712468885002,"isBuyerMaker":true},{"id":96568416,"price":"64250.0000000000000000","qty":"1.04210100","quoteQty":"66720.64678762","time":1712468884630,"isBuyerMaker":true},{"id":96568415,"price":"64230.0000000000000000","qty":"309.30706400","quoteQty":"19797258.94619748","time":1712468884399,"isBuyerMaker":true},{"id":96568414,"price":"64250.0000000000000000","qty":"15.55642000","quoteQty":"996001.73505250","time":1712468884179,"isBuyerMaker":true},{"id":96568412,"price":"64274.0000000000000000","qty":"309.03073100","quoteQty":"19793121.96007897","time":1712468883970,"isBuyerMaker":true},{"id":96568410,"price":"64251.0000000000000000","qty":"1.00000000","quoteQty":"64026.12150000","time":1712468883783,"isBuyerMaker":true},{"id":96568408,"price":"64251.0000000000000000","qty":"6.03276900","quoteQty":"386254.80097543","time":1712468883563,"isBuyerMaker":true},{"id":96568406,"price":"64250.0000000000000000","qty":"23.23735400","quoteQty":"1487774.49451925","time":1712468883395,"isBuyerMaker":true},{"id":96568405,"price":"64254.0000000000000000","qty":"4.14279200","quoteQty":"265259.28881791","time":1712468883203,"isBuyerMaker":true},{"id":96568404,"price":"64243.0000000000000000","qty":"5.13305600","quoteQty":"328608.74639987","time":1712468883026,"isBuyerMaker":true},{"id":96568403,"price":"64243.0000000000000000","qty":"5.18335000","quoteQty":"331828.47521082","time":1712468882830,"isBuyerMaker":true},{"id":96567938,"price":"64274.0000000000000000","qty":"12.83334300","quoteQty":"821963.31197406","time":1712468753999,"isBuyerMaker":true},{"id":96567937,"price":"64274.0000000000000000","qty":"1.96611300","quoteQty":"125927.65214763","time":1712468753604,"isBuyerMaker":true},{"id":96567936,"price":"64274.0000000000000000","qty":"5.13054400","quoteQty":"328606.42300830","time":1712468753036,"isBuyerMaker":true},{"id":96567604,"price":"64284.0000000000000000","qty":"0.13663800","quoteQty":"8752.89446183","time":1712468621160,"isBuyerMaker":true},{"id":96567603,"price":"64300.0000000000000000","qty":"0.00189600","quoteQty":"121.48610520","time":1712468620900,"isBuyerMaker":true},{"id":96567602,"price":"64284.0000000000000000","qty":"2.31512900","quoteQty":"148304.86250177","time":1712468620638,"isBuyerMaker":true},{"id":96567388,"price":"64300.0000000000000000","qty":"2.24258500","quoteQty":"144036.71349864","time":1712468555129,"isBuyerMaker":true},{"id":96567351,"price":"64300.0000000000000000","qty":"30.25420300","quoteQty":"1943166.46621675","time":1712468549873,"isBuyerMaker":true},{"id":96567314,"price":"64400.0000000000000000","qty":"6.55462700","quoteQty":"6.53299673","time":1712468536183,"isBuyerMaker":false},{"id":96566889,"price":"64350.0000000000000000","qty":"4.66013900","quoteQty":"298830.36484372","time":1712468394177,"isBuyerMaker":true},{"id":96566887,"price":"64350.0000000000000000","qty":"7.83844800","quoteQty":"502638.71434920","time":1712468393906,"isBuyerMaker":true},{"id":96566886,"price":"64330.0000000000000000","qty":"12.08833600","quoteQty":"774920.90558792","time":1712468393647,"isBuyerMaker":true},{"id":96566809,"price":"64350.0000000000000000","qty":"30.18687400","quoteQty":"1940349.71351707","time":1712468371079,"isBuyerMaker":true},{"id":96566650,"price":"64350.0000000000000000","qty":"30.18764600","quoteQty":"1940399.33607749","time":1712468306069,"isBuyerMaker":true},{"id":96566642,"price":"64350.0000000000000000","qty":"30.25508700","quoteQty":"1944734.30381974","time":1712468303954,"isBuyerMaker":true},{"id":96566633,"price":"64350.0000000000000000","qty":"30.25098100","quoteQty":"1944470.37864737","time":1712468295861,"isBuyerMaker":true},{"id":96566606,"price":"64350.0000000000000000","qty":"14.87537800","quoteQty":"953880.26728995","time":1712468277916,"isBuyerMaker":true},{"id":96566594,"price":"64350.0000000000000000","qty":"12.08539900","quoteQty":"12.04732999","time":1712468270651,"isBuyerMaker":false},{"id":96566207,"price":"64350.0000000000000000","qty":"46.61097100","quoteQty":"46.45715480","time":1712468140297,"isBuyerMaker":false},{"id":96566000,"price":"64330.0000000000000000","qty":"12.68419000","quoteQty":"813550.50009018","time":1712468065066,"isBuyerMaker":true},{"id":96565998,"price":"64300.0000000000000000","qty":"52.81581000","quoteQty":"3385970.29494849","time":1712468064867,"isBuyerMaker":true},{"id":96565776,"price":"64300.0000000000000000","qty":"9.15777800","quoteQty":"586784.16746110","time":1712467972604,"isBuyerMaker":true},{"id":96565741,"price":"64350.0000000000000000","qty":"15.54001500","quoteQty":"15.48562495","time":1712467946911,"isBuyerMaker":false},{"id":96565661,"price":"64300.0000000000000000","qty":"112.33894800","quoteQty":"7203168.85220208","time":1712467913816,"isBuyerMaker":true},{"id":96565647,"price":"64300.0000000000000000","qty":"79.87222000","quoteQty":"5123457.86500960","time":1712467907051,"isBuyerMaker":true},{"id":96565644,"price":"64300.0000000000000000","qty":"8.33657000","quoteQty":"535441.08457488","time":1712467905570,"isBuyerMaker":true},{"id":96565630,"price":"64300.0000000000000000","qty":"15.55210000","quoteQty":"996500.02989500","time":1712467902577,"isBuyerMaker":true},{"id":96565629,"price":"64300.0000000000000000","qty":"30.29126500","quoteQty":"1945546.88375976","time":1712467900333,"isBuyerMaker":true},{"id":96565592,"price":"64300.0000000000000000","qty":"30.29126500","quoteQty":"1945546.88375976","time":1712467896219,"isBuyerMaker":true},{"id":96565379,"price":"64300.0000000000000000","qty":"17.58563900","quoteQty":"1128110.61728478","time":1712467820635,"isBuyerMaker":true},{"id":96565377,"price":"64300.0000000000000000","qty":"15.00000000","quoteQty":"962243.07000000","time":1712467819772,"isBuyerMaker":true},{"id":96565376,"price":"64300.0000000000000000","qty":"43.50000000","quoteQty":"2790504.90300000","time":1712467819311,"isBuyerMaker":true},{"id":96565375,"price":"64300.0000000000000000","qty":"10.00000000","quoteQty":"641495.38000000","time":1712467818449,"isBuyerMaker":true},{"id":96565374,"price":"64300.0000000000000000","qty":"8.08709100","quoteQty":"518783.15141396","time":1712467818061,"isBuyerMaker":true},{"id":96565373,"price":"64300.0000000000000000","qty":"18.73975100","quoteQty":"1202146.36888504","time":1712467817757,"isBuyerMaker":true},{"id":96565371,"price":"64300.0000000000000000","qty":"4.15721600","quoteQty":"266683.48576621","time":1712467817325,"isBuyerMaker":true},{"id":96565370,"price":"64300.0000000000000000","qty":"5.52841300","quoteQty":"354645.13982319","time":1712467816578,"isBuyerMaker":true},{"id":96565368,"price":"64300.0000000000000000","qty":"6.40189000","quoteQty":"410678.28582682","time":1712467816209,"isBuyerMaker":true},{"id":96565259,"price":"64300.0000000000000000","qty":"40.00000000","quoteQty":"2563512.40000000","time":1712467774966,"isBuyerMaker":true},{"id":96565245,"price":"64350.0000000000000000","qty":"100.00000000","quoteQty":"99.67000000","time":1712467768910,"isBuyerMaker":false},{"id":96565160,"price":"64350.0000000000000000","qty":"77.68455300","quoteQty":"4985003.78279046","time":1712467736901,"isBuyerMaker":true},{"id":96565157,"price":"64350.0000000000000000","qty":"17.55687600","quoteQty":"1126621.57268232","time":1712467736578,"isBuyerMaker":true},{"id":96565154,"price":"64350.0000000000000000","qty":"100.91967100","quoteQty":"100.56645215","time":1712467736172,"isBuyerMaker":false},{"id":96565149,"price":"64350.0000000000000000","qty":"43.50000000","quoteQty":"2791387.17000000","time":1712467735619,"isBuyerMaker":true},{"id":96565146,"price":"64350.0000000000000000","qty":"197.99995200","quoteQty":"12705621.27984864","time":1712467735253,"isBuyerMaker":true},{"id":96564937,"price":"64350.0000000000000000","qty":"19.30074400","quoteQty":"1237655.86633260","time":1712467645570,"isBuyerMaker":true},{"id":96564851,"price":"64398.0000000000000000","qty":"232.87990300","quoteQty":"232.32099123","time":1712467618964,"isBuyerMaker":false},{"id":96564794,"price":"64350.0000000000000000","qty":"30.26486800","quoteQty":"1945363.00623350","time":1712467603933,"isBuyerMaker":true},{"id":96564784,"price":"64350.0000000000000000","qty":"30.26386800","quoteQty":"1945298.72830550","time":1712467599692,"isBuyerMaker":true},{"id":96564779,"price":"64350.0000000000000000","qty":"30.26286900","quoteQty":"1945234.51465543","time":1712467594877,"isBuyerMaker":true},{"id":96564771,"price":"64350.0000000000000000","qty":"2.65000000","quoteQty":"169990.33837500","time":1712467592924,"isBuyerMaker":true},{"id":96564767,"price":"64350.0000000000000000","qty":"30.26186900","quoteQty":"1945170.23672743","time":1712467590525,"isBuyerMaker":true},{"id":96564728,"price":"64350.0000000000000000","qty":"30.26087000","quoteQty":"1945106.02307736","time":1712467585666,"isBuyerMaker":true},{"id":96564705,"price":"64350.0000000000000000","qty":"17.18872900","quoteQty":"1102223.37966098","time":1712467539060,"isBuyerMaker":true},{"id":96564703,"price":"64350.0000000000000000","qty":"15.00000000","quoteQty":"961871.62500000","time":1712467538813,"isBuyerMaker":true},{"id":96564344,"price":"64350.0000000000000000","qty":"30.25987200","quoteQty":"1945041.87370522","time":1712467370029,"isBuyerMaker":true},{"id":96564314,"price":"64350.0000000000000000","qty":"33.65000000","quoteQty":"2157798.67875000","time":1712467361748,"isBuyerMaker":true},{"id":96564304,"price":"64350.0000000000000000","qty":"14.28690000","quoteQty":"917707.16337300","time":1712467360893,"isBuyerMaker":true},{"id":96564275,"price":"64350.0000000000000000","qty":"14.39518400","quoteQty":"923087.93508360","time":1712467353556,"isBuyerMaker":true},{"id":96564270,"price":"64350.0000000000000000","qty":"14.28690000","quoteQty":"917707.16337300","time":1712467352439,"isBuyerMaker":true},{"id":96564250,"price":"64350.0000000000000000","qty":"14.28690000","quoteQty":"917707.16337300","time":1712467347514,"isBuyerMaker":true},{"id":96564183,"price":"64400.0000000000000000","qty":"2.48806800","quoteQty":"2.48528136","time":1712467316213,"isBuyerMaker":false},{"id":96564146,"price":"64400.0000000000000000","qty":"15.52484400","quoteQty":"15.47050705","time":1712467305825,"isBuyerMaker":false},{"id":96564139,"price":"64400.0000000000000000","qty":"10.00085400","quoteQty":"9.96585101","time":1712467305146,"isBuyerMaker":false},{"id":96563998,"price":"64350.0000000000000000","qty":"2.20547800","quoteQty":"141763.55608958","time":1712467258997,"isBuyerMaker":true},{"id":96563945,"price":"64350.0000000000000000","qty":"30.23030400","quoteQty":"1943141.30393011","time":1712467240802,"isBuyerMaker":true},{"id":96563932,"price":"64350.0000000000000000","qty":"30.17750900","quoteQty":"1939747.75072135","time":1712467235775,"isBuyerMaker":true},{"id":96563891,"price":"64350.0000000000000000","qty":"30.12517300","quoteQty":"1936383.70108154","time":1712467229636,"isBuyerMaker":true},{"id":96563885,"price":"64400.0000000000000000","qty":"1.91608600","quoteQty":"1.91005033","time":1712467226695,"isBuyerMaker":false},{"id":96563741,"price":"64400.0000000000000000","qty":"28.00000000","quoteQty":"27.90200000","time":1712467161745,"isBuyerMaker":false},{"id":96563693,"price":"64400.0000000000000000","qty":"257.71242200","quoteQty":"256.81042852","time":1712467132298,"isBuyerMaker":false},{"id":96563618,"price":"64350.0000000000000000","qty":"1.06197000","quoteQty":"68098.58730675","time":1712467107633,"isBuyerMaker":true},{"id":96563562,"price":"64350.0000000000000000","qty":"7.34702800","quoteQty":"7.32645632","time":1712467088743,"isBuyerMaker":false},{"id":96563538,"price":"64300.0000000000000000","qty":"30.09625400","quoteQty":"1933021.72037194","time":1712467078876,"isBuyerMaker":true},{"id":96563370,"price":"64350.0000000000000000","qty":"26.50421100","quoteQty":"26.42204795","time":1712467023399,"isBuyerMaker":false},{"id":96563369,"price":"64400.0000000000000000","qty":"3.01357200","quoteQty":"3.00422993","time":1712467023226,"isBuyerMaker":false},{"id":96563040,"price":"64350.0000000000000000","qty":"54.37917600","quoteQty":"54.18884888","time":1712466909102,"isBuyerMaker":false},{"id":96562630,"price":"64300.0000000000000000","qty":"10.44502800","quoteQty":"670863.09126355","time":1712466746346,"isBuyerMaker":true},{"id":96562624,"price":"64300.0000000000000000","qty":"30.15139200","quoteQty":"1936563.12295373","time":1712466740440,"isBuyerMaker":true},{"id":96562590,"price":"64300.0000000000000000","qty":"30.10898000","quoteQty":"1933839.08569632","time":1712466735824,"isBuyerMaker":true},{"id":96562577,"price":"64300.0000000000000000","qty":"30.06656700","quoteQty":"1931114.98421093","time":1712466725617,"isBuyerMaker":true},{"id":96562565,"price":"64300.0000000000000000","qty":"30.02415500","quoteQty":"1928390.94695352","time":1712466720340,"isBuyerMaker":true},{"id":96562554,"price":"64300.0000000000000000","qty":"29.98174200","quoteQty":"1925666.84546813","time":1712466715146,"isBuyerMaker":true},{"id":96562521,"price":"64300.0000000000000000","qty":"29.93933000","quoteQty":"1922942.80821072","time":1712466709982,"isBuyerMaker":true},{"id":96562516,"price":"64300.0000000000000000","qty":"29.89691700","quoteQty":"1920218.70672533","time":1712466705379,"isBuyerMaker":true},{"id":96562506,"price":"64300.0000000000000000","qty":"29.85450500","quoteQty":"1917494.66946792","time":1712466700534,"isBuyerMaker":true},{"id":96562494,"price":"64300.0000000000000000","qty":"29.81209300","quoteQty":"1914770.63221051","time":1712466696433,"isBuyerMaker":true},{"id":96562487,"price":"64300.0000000000000000","qty":"29.76968000","quoteQty":"1912046.53072512","time":1712466691054,"isBuyerMaker":true},{"id":96562480,"price":"64300.0000000000000000","qty":"2.19174600","quoteQty":"140771.42702006","time":1712466688019,"isBuyerMaker":true},{"id":96562478,"price":"64300.0000000000000000","qty":"7.76049800","quoteQty":"498441.14137603","time":1712466687789,"isBuyerMaker":true},{"id":96562475,"price":"64300.0000000000000000","qty":"1.00000000","quoteQty":"64227.98400000","time":1712466687510,"isBuyerMaker":true},{"id":96562471,"price":"64300.0000000000000000","qty":"0.77786900","quoteQty":"49960.95768610","time":1712466687158,"isBuyerMaker":true},{"id":96562468,"price":"64300.0000000000000000","qty":"17.99715500","quoteQty":"1155920.98338552","time":1712466686891,"isBuyerMaker":true},{"id":96562435,"price":"64300.0000000000000000","qty":"20.87531700","quoteQty":"1340779.52627093","time":1712466679928,"isBuyerMaker":true},{"id":96562434,"price":"64300.0000000000000000","qty":"8.80953800","quoteQty":"565818.86571139","time":1712466679602,"isBuyerMaker":true},{"id":96562424,"price":"64300.0000000000000000","qty":"29.64629800","quoteQty":"1904121.95360323","time":1712466674871,"isBuyerMaker":true},{"id":96562382,"price":"64300.0000000000000000","qty":"29.60774200","quoteQty":"1901645.57945213","time":1712466664638,"isBuyerMaker":true},{"id":96562355,"price":"64350.0000000000000000","qty":"3.36629300","quoteQty":"216378.33908090","time":1712466659165,"isBuyerMaker":true},{"id":96562354,"price":"64300.0000000000000000","qty":"26.19903600","quoteQty":"1682711.26502342","time":1712466658966,"isBuyerMaker":true},{"id":96562349,"price":"64300.0000000000000000","qty":"29.52677200","quoteQty":"1896445.03958765","time":1712466654380,"isBuyerMaker":true},{"id":96562324,"price":"64300.0000000000000000","qty":"29.48821600","quoteQty":"1893968.66543654","time":1712466648605,"isBuyerMaker":true},{"id":96562271,"price":"64300.0000000000000000","qty":"29.44965900","quoteQty":"1891492.22705746","time":1712466640374,"isBuyerMaker":true},{"id":96562255,"price":"64300.0000000000000000","qty":"29.41110200","quoteQty":"1889015.78867837","time":1712466635858,"isBuyerMaker":true},{"id":96562221,"price":"64300.0000000000000000","qty":"29.37254500","quoteQty":"1886539.35029928","time":1712466630640,"isBuyerMaker":true},{"id":96562206,"price":"64300.0000000000000000","qty":"29.33398900","quoteQty":"1884062.97614818","time":1712466625026,"isBuyerMaker":true},{"id":96562089,"price":"64300.0000000000000000","qty":"14.88500000","quoteQty":"955382.71010000","time":1712466597059,"isBuyerMaker":true},{"id":96562072,"price":"64300.0000000000000000","qty":"14.88500000","quoteQty":"955382.71010000","time":1712466592325,"isBuyerMaker":true},{"id":96561922,"price":"64400.0000000000000000","qty":"14.75109400","quoteQty":"14.72454203","time":1712466553534,"isBuyerMaker":false},{"id":96561890,"price":"64400.0000000000000000","qty":"14.75109400","quoteQty":"14.72454203","time":1712466544874,"isBuyerMaker":false},{"id":96561728,"price":"64400.0000000000000000","qty":"14.75109400","quoteQty":"14.72454203","time":1712466476347,"isBuyerMaker":false},{"id":96561688,"price":"64400.0000000000000000","qty":"14.75109400","quoteQty":"14.72454203","time":1712466469746,"isBuyerMaker":false},{"id":96561670,"price":"64400.0000000000000000","qty":"14.75109400","quoteQty":"14.72454203","time":1712466465037,"isBuyerMaker":false},{"id":96561497,"price":"64300.0000000000000000","qty":"97.48514700","quoteQty":"6246355.91976765","time":1712466421140,"isBuyerMaker":true},{"id":96561264,"price":"64300.0000000000000000","qty":"29.29460000","quoteQty":"1881533.10008640","time":1712466338910,"isBuyerMaker":true},{"id":96561203,"price":"64400.0000000000000000","qty":"14.75109400","quoteQty":"14.72454203","time":1712466321361,"isBuyerMaker":false},{"id":96561028,"price":"64300.0000000000000000","qty":"29.29515200","quoteQty":"1881568.55393357","time":1712466254625,"isBuyerMaker":true},{"id":96560861,"price":"64300.0000000000000000","qty":"14.00220000","quoteQty":"898720.84537200","time":1712466199368,"isBuyerMaker":true},{"id":96560851,"price":"64300.0000000000000000","qty":"14.00220000","quoteQty":"898720.84537200","time":1712466194674,"isBuyerMaker":true},{"id":96560823,"price":"64350.0000000000000000","qty":"0.87613800","quoteQty":"56277.99723546","time":1712466187681,"isBuyerMaker":true},{"id":96560817,"price":"64300.0000000000000000","qty":"13.12606200","quoteQty":"842486.57618412","time":1712466186926,"isBuyerMaker":true},{"id":96560706,"price":"64400.0000000000000000","qty":"388.13664500","quoteQty":"386.91401457","time":1712466143453,"isBuyerMaker":false},{"id":96560626,"price":"64400.0000000000000000","qty":"34.15465800","quoteQty":"34.05902496","time":1712466116771,"isBuyerMaker":false},{"id":96560454,"price":"64350.0000000000000000","qty":"2.23000000","quoteQty":"143048.47342500","time":1712466077203,"isBuyerMaker":true},{"id":96560365,"price":"64300.0000000000000000","qty":"2.17574900","quoteQty":"139411.00838755","time":1712466036928,"isBuyerMaker":true},{"id":96560206,"price":"64300.0000000000000000","qty":"15.83000000","quoteQty":"1016036.83580000","time":1712465956190,"isBuyerMaker":true},{"id":96560165,"price":"64380.0000000000000000","qty":"19.91050100","quoteQty":"19.84081425","time":1712465931573,"isBuyerMaker":false},{"id":96560164,"price":"64384.0000000000000000","qty":"125.80000000","quoteQty":"125.35970000","time":1712465931346,"isBuyerMaker":false},{"id":96560163,"price":"64383.0000000000000000","qty":"2.69829100","quoteQty":"2.68884698","time":1712465930817,"isBuyerMaker":false},{"id":96560162,"price":"64387.0000000000000000","qty":"80.00000000","quoteQty":"79.72000000","time":1712465930587,"isBuyerMaker":false},{"id":96560161,"price":"64387.0000000000000000","qty":"58.06092100","quoteQty":"57.85770778","time":1712465930323,"isBuyerMaker":false},{"id":96560159,"price":"64400.0000000000000000","qty":"132.26297300","quoteQty":"131.80005259","time":1712465930062,"isBuyerMaker":false},{"id":96560108,"price":"64380.0000000000000000","qty":"4.55430200","quoteQty":"4.54920118","time":1712465909392,"isBuyerMaker":false},{"id":96559897,"price":"64300.0000000000000000","qty":"57.00000000","quoteQty":"3653005.17000000","time":1712465815777,"isBuyerMaker":true},{"id":96559751,"price":"64300.0000000000000000","qty":"13.20934400","quoteQty":"846388.05633280","time":1712465763222,"isBuyerMaker":true},{"id":96559750,"price":"64379.0000000000000000","qty":"4.08227900","quoteQty":"4.06799102","time":1712465761041,"isBuyerMaker":false},{"id":96559672,"price":"64379.0000000000000000","qty":"14.75590600","quoteQty":"14.72934537","time":1712465734975,"isBuyerMaker":false},{"id":96559601,"price":"64380.0000000000000000","qty":"5.53519700","quoteQty":"355358.18610799","time":1712465715779,"isBuyerMaker":true},{"id":96559533,"price":"64300.0000000000000000","qty":"11.00000000","quoteQty":"704824.45000000","time":1712465684818,"isBuyerMaker":true},{"id":96559399,"price":"64383.0000000000000000","qty":"38.82177200","quoteQty":"38.68589580","time":1712465628020,"isBuyerMaker":false},{"id":96559343,"price":"64384.0000000000000000","qty":"14.75476000","quoteQty":"14.72820143","time":1712465606722,"isBuyerMaker":false},{"id":96559310,"price":"64384.0000000000000000","qty":"14.75476000","quoteQty":"14.72820143","time":1712465601625,"isBuyerMaker":false},{"id":96559303,"price":"64384.0000000000000000","qty":"14.75476000","quoteQty":"14.72820143","time":1712465597039,"isBuyerMaker":false},{"id":96559288,"price":"64384.0000000000000000","qty":"48.06072900","quoteQty":"47.89251645","time":1712465591634,"isBuyerMaker":false},{"id":96559287,"price":"64300.0000000000000000","qty":"19.64667200","quoteQty":"1258859.52606640","time":1712465591613,"isBuyerMaker":true},{"id":96559250,"price":"64375.0000000000000000","qty":"14.80400000","quoteQty":"951292.08650000","time":1712465570140,"isBuyerMaker":true},{"id":96559242,"price":"64375.0000000000000000","qty":"14.80400000","quoteQty":"951292.08650000","time":1712465565276,"isBuyerMaker":true},{"id":96559230,"price":"64300.0000000000000000","qty":"29.67445800","quoteQty":"1905930.61363267","time":1712465555587,"isBuyerMaker":true},{"id":96559177,"price":"64375.0000000000000000","qty":"8.77436800","quoteQty":"562872.96521000","time":1712465536079,"isBuyerMaker":true},{"id":96559176,"price":"64350.0000000000000000","qty":"10.00000000","quoteQty":"641247.75000000","time":1712465535906,"isBuyerMaker":true},{"id":96559175,"price":"64300.0000000000000000","qty":"1.06917000","quoteQty":"68507.01429150","time":1712465535740,"isBuyerMaker":true},{"id":96558847,"price":"64375.0000000000000000","qty":"14.82000000","quoteQty":"952320.23250000","time":1712465426208,"isBuyerMaker":true},{"id":96558844,"price":"64375.0000000000000000","qty":"54.06000000","quoteQty":"53.87079000","time":1712465424654,"isBuyerMaker":false},{"id":96558293,"price":"64375.0000000000000000","qty":"17.69728900","quoteQty":"1135275.55894719","time":1712465237464,"isBuyerMaker":true},{"id":96558291,"price":"64350.0000000000000000","qty":"1.00000000","quoteQty":"64124.77500000","time":1712465237280,"isBuyerMaker":true},{"id":96558290,"price":"64375.0000000000000000","qty":"64.69356300","quoteQty":"4150071.84971156","time":1712465237035,"isBuyerMaker":true},{"id":96558289,"price":"64350.0000000000000000","qty":"60.16356900","quoteQty":"3857975.32532198","time":1712465236862,"isBuyerMaker":true},{"id":96558288,"price":"64300.0000000000000000","qty":"234.16020400","quoteQty":"15003803.36328980","time":1712465236722,"isBuyerMaker":true},{"id":96558164,"price":"64375.0000000000000000","qty":"1.53430500","quoteQty":"98425.18627969","time":1712465190655,"isBuyerMaker":true},{"id":96558062,"price":"64375.0000000000000000","qty":"19.97679000","quoteQty":"1284565.52969100","time":1712465148819,"isBuyerMaker":true},{"id":96558029,"price":"64386.0000000000000000","qty":"4.65753400","quoteQty":"4.64449290","time":1712465144267,"isBuyerMaker":false},{"id":96557823,"price":"64387.0000000000000000","qty":"15.52797900","quoteQty":"15.47363107","time":1712465066815,"isBuyerMaker":false},{"id":96557821,"price":"64387.0000000000000000","qty":"241.18954900","quoteQty":"240.44186140","time":1712465065538,"isBuyerMaker":false},{"id":96557797,"price":"64376.0000000000000000","qty":"6.40066500","quoteQty":"410751.25502837","time":1712465052741,"isBuyerMaker":true},{"id":96557787,"price":"64375.0000000000000000","qty":"68.39578700","quoteQty":"4389109.40494241","time":1712465052468,"isBuyerMaker":true},{"id":96557712,"price":"64387.0000000000000000","qty":"23.30000000","quoteQty":"23.21845000","time":1712465035907,"isBuyerMaker":false},{"id":96557704,"price":"64376.0000000000000000","qty":"25.95237200","quoteQty":"1668838.70478414","time":1712465033819,"isBuyerMaker":true},{"id":96557512,"price":"64376.0000000000000000","qty":"15.26837400","quoteQty":"981815.97775802","time":1712464959006,"isBuyerMaker":true},{"id":96557474,"price":"64375.0000000000000000","qty":"29.57276600","quoteQty":"1901614.61482140","time":1712464951467,"isBuyerMaker":true},{"id":96557450,"price":"64387.0000000000000000","qty":"47.61326000","quoteQty":"47.53707878","time":1712464944470,"isBuyerMaker":false},{"id":96557421,"price":"64387.0000000000000000","qty":"31.05595800","quoteQty":"30.94726215","time":1712464937617,"isBuyerMaker":false},{"id":96557202,"price":"64387.0000000000000000","qty":"4.03808200","quoteQty":"4.02475633","time":1712464869400,"isBuyerMaker":false},{"id":96557009,"price":"64387.0000000000000000","qty":"49.15577600","quoteQty":"48.98373078","time":1712464803292,"isBuyerMaker":false},{"id":96556978,"price":"64387.0000000000000000","qty":"7.80000000","quoteQty":"7.77270000","time":1712464793079,"isBuyerMaker":false},{"id":96556953,"price":"64375.0000000000000000","qty":"29.53005700","quoteQty":"1894724.12789106","time":1712464780819,"isBuyerMaker":true},{"id":96556864,"price":"64375.0000000000000000","qty":"29.57240400","quoteQty":"1901591.33717160","time":1712464734601,"isBuyerMaker":true},{"id":96556730,"price":"64377.0000000000000000","qty":"0.00494000","quoteQty":"317.44993972","time":1712464692658,"isBuyerMaker":true},{"id":96556728,"price":"64376.0000000000000000","qty":"10.05787500","quoteQty":"646320.28663020","time":1712464691884,"isBuyerMaker":true},{"id":96556727,"price":"64375.0000000000000000","qty":"4.74351600","quoteQty":"304814.18758350","time":1712464691483,"isBuyerMaker":true},{"id":96556717,"price":"64400.0000000000000000","qty":"2.00000000","quoteQty":"1.99300000","time":1712464685430,"isBuyerMaker":false},{"id":96556601,"price":"64400.0000000000000000","qty":"77.62422300","quoteQty":"77.35253822","time":1712464643472,"isBuyerMaker":false},{"id":96556398,"price":"64400.0000000000000000","qty":"20.18229800","quoteQty":"20.11165996","time":1712464590128,"isBuyerMaker":false},{"id":96556120,"price":"64400.0000000000000000","qty":"155.08444300","quoteQty":"154.69363020","time":1712464508885,"isBuyerMaker":false},{"id":96555862,"price":"64377.0000000000000000","qty":"1.35657100","quoteQty":"87234.15945918","time":1712464434449,"isBuyerMaker":true},{"id":96555750,"price":"64400.0000000000000000","qty":"2.65948800","quoteQty":"2.65111061","time":1712464400963,"isBuyerMaker":false},{"id":96555621,"price":"64376.0000000000000000","qty":"10.66500600","quoteQty":"684167.42976410","time":1712464374270,"isBuyerMaker":true},{"id":96555473,"price":"64376.0000000000000000","qty":"20.76000000","quoteQty":"1332703.71187200","time":1712464334064,"isBuyerMaker":true},{"id":96555135,"price":"64400.0000000000000000","qty":"82.93482900","quoteQty":"82.80213327","time":1712464236284,"isBuyerMaker":false},{"id":96554942,"price":"64400.0000000000000000","qty":"15.52942500","quoteQty":"15.47507201","time":1712464167779,"isBuyerMaker":false},{"id":96554919,"price":"64400.0000000000000000","qty":"3.10777900","quoteQty":"3.09798950","time":1712464159693,"isBuyerMaker":false},{"id":96554736,"price":"64387.0000000000000000","qty":"155.31310600","quoteQty":"9972144.55014514","time":1712464085357,"isBuyerMaker":true},{"id":96554735,"price":"64388.0000000000000000","qty":"197.34799400","quoteQty":"12671263.47828652","time":1712464084661,"isBuyerMaker":true},{"id":96554734,"price":"64375.0000000000000000","qty":"62.55168500","quoteQty":"4015489.78065375","time":1712464083774,"isBuyerMaker":true},{"id":96554731,"price":"64387.0000000000000000","qty":"123.78201100","quoteQty":"7947636.47569868","time":1712464082904,"isBuyerMaker":true},{"id":96554729,"price":"64375.0000000000000000","qty":"1.06743000","quoteQty":"68523.40199250","time":1712464082348,"isBuyerMaker":true},{"id":96554722,"price":"64400.0000000000000000","qty":"3.00000000","quoteQty":"2.98950000","time":1712464077472,"isBuyerMaker":false},{"id":96554627,"price":"64388.0000000000000000","qty":"13.65200600","quoteQty":"878040.85392219","time":1712464044892,"isBuyerMaker":true},{"id":96554626,"price":"64388.0000000000000000","qty":"4.61345200","quoteQty":"296718.25031494","time":1712464044652,"isBuyerMaker":true},{"id":96554623,"price":"64388.0000000000000000","qty":"11.18108400","quoteQty":"719121.31763902","time":1712464044113,"isBuyerMaker":true},{"id":96554599,"price":"64400.0000000000000000","qty":"69.87195600","quoteQty":"69.65185934","time":1712464031584,"isBuyerMaker":false},{"id":96554598,"price":"64388.0000000000000000","qty":"14.80778000","quoteQty":"951727.14063045","time":1712464030986,"isBuyerMaker":true},{"id":96554592,"price":"64400.0000000000000000","qty":"310.29012700","quoteQty":"309.20411156","time":1712464029005,"isBuyerMaker":false},{"id":96554591,"price":"64400.0000000000000000","qty":"77.79993500","quoteQty":"77.52763523","time":1712464028014,"isBuyerMaker":false},{"id":96554574,"price":"64388.0000000000000000","qty":"14.80778000","quoteQty":"951727.14063045","time":1712464023380,"isBuyerMaker":true},{"id":96554487,"price":"64388.0000000000000000","qty":"8.65333000","quoteQty":"556546.58095452","time":1712463988692,"isBuyerMaker":true},{"id":96554286,"price":"64388.0000000000000000","qty":"80.00000000","quoteQty":"5133011.36000000","time":1712463908052,"isBuyerMaker":true},{"id":96554126,"price":"64388.0000000000000000","qty":"14.20508500","quoteQty":"912076.02934366","time":1712463855852,"isBuyerMaker":true},{"id":96554113,"price":"64387.0000000000000000","qty":"29.69000000","quoteQty":"1908209.05994600","time":1712463851227,"isBuyerMaker":true},{"id":96553748,"price":"64400.0000000000000000","qty":"108.67391300","quoteQty":"108.29355430","time":1712463781245,"isBuyerMaker":false},{"id":96553745,"price":"64400.0000000000000000","qty":"29.23069900","quoteQty":"29.19796062","time":1712463780648,"isBuyerMaker":false},{"id":96553742,"price":"64400.0000000000000000","qty":"14.75109400","quoteQty":"14.72454203","time":1712463779466,"isBuyerMaker":false},{"id":96553730,"price":"64400.0000000000000000","qty":"29.04866000","quoteQty":"29.01612550","time":1712463775911,"isBuyerMaker":false},{"id":96553721,"price":"64400.0000000000000000","qty":"14.75109400","quoteQty":"14.72454203","time":1712463774476,"isBuyerMaker":false},{"id":96553708,"price":"64400.0000000000000000","qty":"28.86960600","quoteQty":"28.83727204","time":1712463770747,"isBuyerMaker":false},{"id":96553699,"price":"64400.0000000000000000","qty":"14.75109400","quoteQty":"14.72454203","time":1712463767806,"isBuyerMaker":false},{"id":96553680,"price":"64400.0000000000000000","qty":"28.69055100","quoteQty":"28.65841758","time":1712463765108,"isBuyerMaker":false},{"id":96553672,"price":"64400.0000000000000000","qty":"14.75109400","quoteQty":"14.72454203","time":1712463762307,"isBuyerMaker":false},{"id":96553665,"price":"64400.0000000000000000","qty":"28.51448000","quoteQty":"28.48254378","time":1712463760491,"isBuyerMaker":false},{"id":96553653,"price":"64400.0000000000000000","qty":"14.01353900","quoteQty":"13.98831463","time":1712463757097,"isBuyerMaker":false},{"id":96553639,"price":"64400.0000000000000000","qty":"28.33820700","quoteQty":"28.30646821","time":1712463756085,"isBuyerMaker":false},{"id":96553625,"price":"64400.0000000000000000","qty":"14.75109400","quoteQty":"14.72454203","time":1712463753889,"isBuyerMaker":false},{"id":96553562,"price":"64400.0000000000000000","qty":"14.75109400","quoteQty":"14.72454203","time":1712463739911,"isBuyerMaker":false},{"id":96553521,"price":"64400.0000000000000000","qty":"14.75109400","quoteQty":"14.72454203","time":1712463734621,"isBuyerMaker":false},{"id":96553511,"price":"64400.0000000000000000","qty":"14.75109400","quoteQty":"14.72454203","time":1712463726800,"isBuyerMaker":false},{"id":96553497,"price":"64400.0000000000000000","qty":"14.75109400","quoteQty":"14.72454203","time":1712463721178,"isBuyerMaker":false},{"id":96553487,"price":"64400.0000000000000000","qty":"388.13664500","quoteQty":"386.77816674","time":1712463717776,"isBuyerMaker":false},{"id":96553479,"price":"64400.0000000000000000","qty":"14.75109400","quoteQty":"14.72454203","time":1712463716371,"isBuyerMaker":false},{"id":96553433,"price":"64400.0000000000000000","qty":"14.75109400","quoteQty":"14.72454203","time":1712463709305,"isBuyerMaker":false},{"id":96553377,"price":"64400.0000000000000000","qty":"14.75109400","quoteQty":"14.72454203","time":1712463704125,"isBuyerMaker":false},{"id":96553350,"price":"64400.0000000000000000","qty":"14.75109400","quoteQty":"14.72454203","time":1712463698982,"isBuyerMaker":false},{"id":96553335,"price":"64400.0000000000000000","qty":"14.75109400","quoteQty":"14.72454203","time":1712463693580,"isBuyerMaker":false},{"id":96553318,"price":"64400.0000000000000000","qty":"14.75109400","quoteQty":"14.72454203","time":1712463684881,"isBuyerMaker":false},{"id":96553308,"price":"64400.0000000000000000","qty":"14.75109400","quoteQty":"14.72454203","time":1712463678325,"isBuyerMaker":false},{"id":96553273,"price":"64400.0000000000000000","qty":"14.75109400","quoteQty":"14.72454203","time":1712463673332,"isBuyerMaker":false},{"id":96553263,"price":"64350.0000000000000000","qty":"28.39202500","quoteQty":"1824980.53872420","time":1712463666745,"isBuyerMaker":true},{"id":96553253,"price":"64400.0000000000000000","qty":"14.75109400","quoteQty":"14.72454203","time":1712463665169,"isBuyerMaker":false},{"id":96553231,"price":"64390.0000000000000000","qty":"2.57565500","quoteQty":"2.57101882","time":1712463660419,"isBuyerMaker":false},{"id":96553230,"price":"64400.0000000000000000","qty":"12.17543900","quoteQty":"12.15352321","time":1712463660154,"isBuyerMaker":false},{"id":96553217,"price":"64390.0000000000000000","qty":"14.75338500","quoteQty":"14.72682891","time":1712463654324,"isBuyerMaker":false},{"id":96553131,"price":"64350.0000000000000000","qty":"16.00000000","quoteQty":"1026923.04000000","time":1712463623979,"isBuyerMaker":true},{"id":96553088,"price":"64350.0000000000000000","qty":"28.38899700","quoteQty":"1824785.90515822","time":1712463599718,"isBuyerMaker":true},{"id":96553075,"price":"64350.0000000000000000","qty":"28.37956900","quoteQty":"1824179.89285303","time":1712463593781,"isBuyerMaker":true},{"id":96552952,"price":"64350.0000000000000000","qty":"1.38010700","quoteQty":"88710.41837830","time":1712463553741,"isBuyerMaker":true},{"id":96552649,"price":"64400.0000000000000000","qty":"137.73920800","quoteQty":"8841132.65871584","time":1712463450492,"isBuyerMaker":true},{"id":96552436,"price":"64400.0000000000000000","qty":"28.34247300","quoteQty":"1823210.97530746","time":1712463395309,"isBuyerMaker":true},{"id":96552418,"price":"64400.0000000000000000","qty":"28.33975000","quoteQty":"1823035.81051200","time":1712463390442,"isBuyerMaker":true},{"id":96552408,"price":"64400.0000000000000000","qty":"28.33702700","quoteQty":"1822860.64571654","time":1712463385873,"isBuyerMaker":true},{"id":96552393,"price":"64400.0000000000000000","qty":"28.33396400","quoteQty":"1822663.60944461","time":1712463381323,"isBuyerMaker":true},{"id":96552387,"price":"64400.0000000000000000","qty":"28.33090000","quoteQty":"1822466.50884480","time":1712463378790,"isBuyerMaker":true},{"id":96552309,"price":"64400.0000000000000000","qty":"21.63850000","quoteQty":"1391958.65827200","time":1712463359427,"isBuyerMaker":true},{"id":96552284,"price":"64400.0000000000000000","qty":"28.28688200","quoteQty":"1819634.92457510","time":1712463354210,"isBuyerMaker":true},{"id":96552265,"price":"64454.0000000000000000","qty":"2.58541000","quoteQty":"2.57636106","time":1712463349793,"isBuyerMaker":false},{"id":96552257,"price":"64400.0000000000000000","qty":"26.95426000","quoteQty":"1733910.18713472","time":1712463348602,"isBuyerMaker":true},{"id":96552240,"price":"64400.0000000000000000","qty":"31.83367900","quoteQty":"31.74486304","time":1712463342996,"isBuyerMaker":false},{"id":96552020,"price":"64400.0000000000000000","qty":"155.25086900","quoteQty":"154.70749096","time":1712463291316,"isBuyerMaker":false},{"id":96552013,"price":"64350.0000000000000000","qty":"28.21333500","quoteQty":"1813494.71576988","time":1712463288843,"isBuyerMaker":true},{"id":96551917,"price":"64350.0000000000000000","qty":"28.21662300","quoteQty":"1813706.06159714","time":1712463264152,"isBuyerMaker":true},{"id":96551887,"price":"64400.0000000000000000","qty":"15.61203700","quoteQty":"15.58081293","time":1712463254720,"isBuyerMaker":false},{"id":96551833,"price":"64350.0000000000000000","qty":"28.21857200","quoteQty":"1813831.33927882","time":1712463235384,"isBuyerMaker":true},{"id":96551821,"price":"64350.0000000000000000","qty":"28.21480100","quoteQty":"1813588.94721233","time":1712463231212,"isBuyerMaker":true},{"id":96551816,"price":"64350.0000000000000000","qty":"28.21103000","quoteQty":"1813346.55514584","time":1712463228749,"isBuyerMaker":true},{"id":96551797,"price":"64350.0000000000000000","qty":"28.20725900","quoteQty":"1813104.16307935","time":1712463223985,"isBuyerMaker":true},{"id":96551730,"price":"64350.0000000000000000","qty":"11.21425200","quoteQty":"720828.88262986","time":1712463210947,"isBuyerMaker":true},{"id":96551718,"price":"64350.0000000000000000","qty":"28.20042600","quoteQty":"1812664.95199733","time":1712463204916,"isBuyerMaker":true},{"id":96551707,"price":"64350.0000000000000000","qty":"28.16697800","quoteQty":"1810514.98386158","time":1712463200488,"isBuyerMaker":true},{"id":96551671,"price":"64350.0000000000000000","qty":"28.13352900","quoteQty":"1808364.95144791","time":1712463194751,"isBuyerMaker":true},{"id":96551630,"price":"64350.0000000000000000","qty":"28.10042200","quoteQty":"1806236.90208562","time":1712463181304,"isBuyerMaker":true},{"id":96551565,"price":"64350.0000000000000000","qty":"28.06866800","quoteQty":"1804195.82075990","time":1712463165711,"isBuyerMaker":true},{"id":96551543,"price":"64350.0000000000000000","qty":"28.85746200","quoteQty":"1854897.86469874","time":1712463161000,"isBuyerMaker":true},{"id":96551530,"price":"64350.0000000000000000","qty":"28.85019500","quoteQty":"1854430.75699596","time":1712463158667,"isBuyerMaker":true},{"id":96551520,"price":"64350.0000000000000000","qty":"28.84292800","quoteQty":"1853963.64929318","time":1712463153831,"isBuyerMaker":true},{"id":96551451,"price":"64350.0000000000000000","qty":"7.77000800","quoteQty":"498250.01474820","time":1712463140461,"isBuyerMaker":true},{"id":96551395,"price":"64350.0000000000000000","qty":"0.92724300","quoteQty":"59459.24874532","time":1712463123181,"isBuyerMaker":true},{"id":96551383,"price":"64350.0000000000000000","qty":"28.83486800","quoteQty":"1853445.56919350","time":1712463119730,"isBuyerMaker":true},{"id":96551290,"price":"64350.0000000000000000","qty":"28.96360800","quoteQty":"1861720.70964422","time":1712463090635,"isBuyerMaker":true},{"id":96551269,"price":"64350.0000000000000000","qty":"28.94882100","quoteQty":"1860770.23192289","time":1712463085245,"isBuyerMaker":true},{"id":96551256,"price":"64350.0000000000000000","qty":"28.93406400","quoteQty":"1859821.68253939","time":1712463079652,"isBuyerMaker":true},{"id":96551239,"price":"64350.0000000000000000","qty":"28.91930700","quoteQty":"1858873.13315590","time":1712463074491,"isBuyerMaker":true},{"id":96551160,"price":"64350.0000000000000000","qty":"93.24009400","quoteQty":"5979000.04872885","time":1712463052279,"isBuyerMaker":true},{"id":96551072,"price":"64350.0000000000000000","qty":"28.90458000","quoteQty":"1857926.51211024","time":1712463035566,"isBuyerMaker":true},{"id":96551051,"price":"64350.0000000000000000","qty":"29.44408700","quoteQty":"1892604.90421174","time":1712463030261,"isBuyerMaker":true},{"id":96551020,"price":"64350.0000000000000000","qty":"29.43675200","quoteQty":"1892133.42560986","time":1712463025142,"isBuyerMaker":true},{"id":96550636,"price":"64350.0000000000000000","qty":"97.43647300","quoteQty":"97.12954811","time":1712462921639,"isBuyerMaker":false},{"id":96550507,"price":"64350.0000000000000000","qty":"2.32317000","quoteQty":"2.31550354","time":1712462867535,"isBuyerMaker":false},{"id":96550164,"price":"64400.0000000000000000","qty":"4.73416100","quoteQty":"4.71759144","time":1712462751525,"isBuyerMaker":false},{"id":96550006,"price":"64400.0000000000000000","qty":"124.97500000","quoteQty":"124.58757750","time":1712462697336,"isBuyerMaker":false},{"id":96549434,"price":"64301.0000000000000000","qty":"29.45184000","quoteQty":"1891661.72714450","time":1712462560167,"isBuyerMaker":true},{"id":96549418,"price":"64301.0000000000000000","qty":"29.48203700","quoteQty":"1893601.24974053","time":1712462555370,"isBuyerMaker":true},{"id":96549396,"price":"64301.0000000000000000","qty":"11.34078900","quoteQty":"726671.78923179","time":1712462551386,"isBuyerMaker":true},{"id":96549395,"price":"64301.0000000000000000","qty":"29.46753500","quoteQty":"1892669.80103080","time":1712462551116,"isBuyerMaker":true},{"id":96549386,"price":"64301.0000000000000000","qty":"29.45303300","quoteQty":"1891738.35232108","time":1712462545488,"isBuyerMaker":true},{"id":96549343,"price":"64301.0000000000000000","qty":"29.43853100","quoteQty":"1890806.90361135","time":1712462540193,"isBuyerMaker":true},{"id":96549324,"price":"64301.0000000000000000","qty":"29.42403000","quoteQty":"1889875.51913061","time":1712462535289,"isBuyerMaker":true},{"id":96549009,"price":"64400.0000000000000000","qty":"388.21425400","quoteQty":"386.85550411","time":1712462422169,"isBuyerMaker":false},{"id":96548975,"price":"64301.0000000000000000","qty":"9.95954300","quoteQty":"638167.14443245","time":1712462402589,"isBuyerMaker":true},{"id":96548963,"price":"64301.0000000000000000","qty":"29.41092900","quoteQty":"1889034.05522590","time":1712462396150,"isBuyerMaker":true},{"id":96548959,"price":"64301.0000000000000000","qty":"17.45653900","quoteQty":"1121215.74457505","time":1712462393780,"isBuyerMaker":true},{"id":96548958,"price":"64301.0000000000000000","qty":"11.91326500","quoteQty":"765176.89372990","time":1712462393546,"isBuyerMaker":true},{"id":96548916,"price":"64301.0000000000000000","qty":"29.32307800","quoteQty":"1883391.47485090","time":1712462375821,"isBuyerMaker":true},{"id":96548908,"price":"64301.0000000000000000","qty":"29.38260100","quoteQty":"1887214.57659887","time":1712462370543,"isBuyerMaker":true},{"id":96548751,"price":"64301.0000000000000000","qty":"29.38105600","quoteQty":"1887115.34282032","time":1712462299250,"isBuyerMaker":true},{"id":96548541,"price":"64300.0000000000000000","qty":"1.52392500","quoteQty":"97878.63051720","time":1712462208610,"isBuyerMaker":true},{"id":96548492,"price":"64300.0000000000000000","qty":"14.81299000","quoteQty":"951408.48471216","time":1712462199002,"isBuyerMaker":true},{"id":96548471,"price":"64310.0000000000000000","qty":"0.00003500","quoteQty":"2.24297202","time":1712462190176,"isBuyerMaker":true},{"id":96548469,"price":"64300.0000000000000000","qty":"53.91515700","quoteQty":"3454610.98901715","time":1712462189840,"isBuyerMaker":true},{"id":96548333,"price":"64310.0000000000000000","qty":"1.16619200","quoteQty":"74913.80997558","time":1712462140358,"isBuyerMaker":true},{"id":96548315,"price":"64310.0000000000000000","qty":"29.45067800","quoteQty":"1891851.85230556","time":1712462135656,"isBuyerMaker":true},{"id":96548277,"price":"64310.0000000000000000","qty":"29.44418500","quoteQty":"1891434.75514817","time":1712462130424,"isBuyerMaker":true},{"id":96548262,"price":"64310.0000000000000000","qty":"29.43769200","quoteQty":"1891017.65799078","time":1712462125666,"isBuyerMaker":true},{"id":96548255,"price":"64310.0000000000000000","qty":"29.43120000","quoteQty":"1890600.62507136","time":1712462121087,"isBuyerMaker":true},{"id":96548240,"price":"64310.0000000000000000","qty":"29.42470700","quoteQty":"1890183.52791397","time":1712462116076,"isBuyerMaker":true},{"id":96548232,"price":"64310.0000000000000000","qty":"29.41821400","quoteQty":"1889766.43075658","time":1712462109266,"isBuyerMaker":true},{"id":96548215,"price":"64310.0000000000000000","qty":"29.41172100","quoteQty":"1889349.33359919","time":1712462101268,"isBuyerMaker":true},{"id":96548176,"price":"64310.0000000000000000","qty":"29.40522900","quoteQty":"1888932.30067977","time":1712462095260,"isBuyerMaker":true},{"id":96548166,"price":"64310.0000000000000000","qty":"29.39873600","quoteQty":"1888515.20352238","time":1712462090588,"isBuyerMaker":true},{"id":96548137,"price":"64310.0000000000000000","qty":"78.58735500","quoteQty":"78.36731041","time":1712462081752,"isBuyerMaker":false},{"id":96548062,"price":"64300.0000000000000000","qty":"29.39683800","quoteQty":"1888099.64071459","time":1712462063612,"isBuyerMaker":true},{"id":96548021,"price":"64310.0000000000000000","qty":"31.05717600","quoteQty":"30.96089875","time":1712462046558,"isBuyerMaker":false},{"id":96547997,"price":"64310.0000000000000000","qty":"388.67983200","quoteQty":"387.31945259","time":1712462037843,"isBuyerMaker":false},{"id":96547903,"price":"64300.0000000000000000","qty":"9.83487500","quoteQty":"631674.19414200","time":1712462000758,"isBuyerMaker":true},{"id":96547894,"price":"64300.0000000000000000","qty":"30.05064700","quoteQty":"1930092.47470565","time":1712461996275,"isBuyerMaker":true},{"id":96547617,"price":"64300.0000000000000000","qty":"30.00359800","quoteQty":"1927070.61228643","time":1712461911110,"isBuyerMaker":true},{"id":96547591,"price":"64300.0000000000000000","qty":"30.00673400","quoteQty":"1927272.03124426","time":1712461906322,"isBuyerMaker":true},{"id":96547427,"price":"64300.0000000000000000","qty":"4.16532900","quoteQty":"267530.68436674","time":1712461850509,"isBuyerMaker":true},{"id":96547137,"price":"64300.0000000000000000","qty":"29.97901500","quoteQty":"1925491.69575576","time":1712461743930,"isBuyerMaker":true},{"id":96547044,"price":"64300.0000000000000000","qty":"28.92134900","quoteQty":"1857559.94083042","time":1712461716327,"isBuyerMaker":true},{"id":96546835,"price":"64303.0000000000000000","qty":"313.34052800","quoteQty":"20082245.14327645","time":1712461658729,"isBuyerMaker":true},{"id":96546834,"price":"64300.0000000000000000","qty":"411.01364100","quoteQty":"26340964.13181621","time":1712461658490,"isBuyerMaker":true},{"id":96546831,"price":"64300.0000000000000000","qty":"406.92785300","quoteQty":"26079114.92677193","time":1712461658244,"isBuyerMaker":true},{"id":96546830,"price":"64300.0000000000000000","qty":"30.18797800","quoteQty":"1934681.39834818","time":1712461658032,"isBuyerMaker":true},{"id":96546827,"price":"64300.0000000000000000","qty":"1.00000000","quoteQty":"64087.81000000","time":1712461657803,"isBuyerMaker":true},{"id":96546825,"price":"64300.0000000000000000","qty":"8.50000000","quoteQty":"544746.38500000","time":1712461657631,"isBuyerMaker":true},{"id":96546821,"price":"64310.0000000000000000","qty":"17.68477800","quoteQty":"1136034.28813804","time":1712461654058,"isBuyerMaker":true},{"id":96546747,"price":"64310.0000000000000000","qty":"15.37459900","quoteQty":"986762.98076662","time":1712461621276,"isBuyerMaker":true},{"id":96546745,"price":"64310.0000000000000000","qty":"16.94062300","quoteQty":"1087272.56219974","time":1712461621136,"isBuyerMaker":true},{"id":96546707,"price":"64343.0000000000000000","qty":"78.44287600","quoteQty":"5030594.04556546","time":1712461612477,"isBuyerMaker":true},{"id":96546706,"price":"64322.0000000000000000","qty":"635.70593200","quoteQty":"40754940.36414226","time":1712461612341,"isBuyerMaker":true},{"id":96546705,"price":"64330.0000000000000000","qty":"5.14609500","quoteQty":"329955.83198854","time":1712461612208,"isBuyerMaker":true},{"id":96546704,"price":"64327.0000000000000000","qty":"5.25618700","quoteQty":"336998.96250321","time":1712461612068,"isBuyerMaker":true},{"id":96546703,"price":"64360.0000000000000000","qty":"0.00020700","quoteQty":"13.27855568","time":1712461611929,"isBuyerMaker":true},{"id":96546701,"price":"64351.0000000000000000","qty":"93.21999600","quoteQty":"5979003.92271943","time":1712461611773,"isBuyerMaker":true},{"id":96546700,"price":"64311.0000000000000000","qty":"369.71020500","quoteQty":"23697970.76487561","time":1712461611566,"isBuyerMaker":true},{"id":96546699,"price":"64324.0000000000000000","qty":"0.99918600","quoteQty":"64059.54385113","time":1712461611351,"isBuyerMaker":true},{"id":96546617,"price":"64360.0000000000000000","qty":"2.39467300","quoteQty":"153948.53858721","time":1712461580286,"isBuyerMaker":true},{"id":96546559,"price":"64444.0000000000000000","qty":"0.02296200","quoteQty":"1474.87990968","time":1712461569028,"isBuyerMaker":true},{"id":96546556,"price":"64400.0000000000000000","qty":"62.11100900","quoteQty":"3986749.14796732","time":1712461568297,"isBuyerMaker":true},{"id":96546555,"price":"64400.0000000000000000","qty":"9.18231300","quoteQty":"589389.53204124","time":1712461567591,"isBuyerMaker":true},{"id":96546554,"price":"64400.0000000000000000","qty":"12.19260000","quoteQty":"782612.26864800","time":1712461566770,"isBuyerMaker":true},{"id":96546553,"price":"64435.0000000000000000","qty":"432.76092600","quoteQty":"27792929.93092953","time":1712461566280,"isBuyerMaker":true},{"id":96546551,"price":"64400.0000000000000000","qty":"29.10945600","quoteQty":"1868462.62481088","time":1712461565377,"isBuyerMaker":true},{"id":96546550,"price":"64402.0000000000000000","qty":"5.11438600","quoteQty":"328289.74410433","time":1712461564906,"isBuyerMaker":true},{"id":96546549,"price":"64419.0000000000000000","qty":"5.63534100","quoteQty":"361825.05587380","time":1712461564708,"isBuyerMaker":true},{"id":96546547,"price":"64400.0000000000000000","qty":"3.24971300","quoteQty":"208590.88819324","time":1712461564469,"isBuyerMaker":true},{"id":96546545,"price":"64400.0000000000000000","qty":"93.68645900","quoteQty":"6013497.71333332","time":1712461564250,"isBuyerMaker":true},{"id":96546544,"price":"64400.0000000000000000","qty":"76.09080700","quoteQty":"4884077.15249636","time":1712461564014,"isBuyerMaker":true},{"id":96546542,"price":"64400.0000000000000000","qty":"2.52161400","quoteQty":"161856.04819272","time":1712461563559,"isBuyerMaker":true},{"id":96546505,"price":"64444.0000000000000000","qty":"4.63224200","quoteQty":"298185.86082014","time":1712461554620,"isBuyerMaker":true},{"id":96546357,"price":"64444.0000000000000000","qty":"0.00031700","quoteQty":"20.35724738","time":1712461519416,"isBuyerMaker":true},{"id":96546356,"price":"64435.0000000000000000","qty":"37.30968300","quoteQty":"2395635.25112063","time":1712461519210,"isBuyerMaker":true},{"id":96546221,"price":"64444.0000000000000000","qty":"15.51703100","quoteQty":"998859.56867274","time":1712461490713,"isBuyerMaker":true},{"id":96546144,"price":"64450.0000000000000000","qty":"0.00010500","quoteQty":"6.74356462","time":1712461477626,"isBuyerMaker":true},{"id":96545885,"price":"64450.0000000000000000","qty":"10.97533300","quoteQty":"706567.96841273","time":1712461285219,"isBuyerMaker":true},{"id":96545884,"price":"64450.0000000000000000","qty":"13.81367400","quoteQty":"889294.16305598","time":1712461285007,"isBuyerMaker":true},{"id":96545864,"price":"64450.0000000000000000","qty":"29.83538900","quoteQty":"1920737.18333042","time":1712461279284,"isBuyerMaker":true},{"id":96545854,"price":"64450.0000000000000000","qty":"29.80810600","quoteQty":"1918980.76337650","time":1712461274622,"isBuyerMaker":true},{"id":96545808,"price":"64450.0000000000000000","qty":"29.78070500","quoteQty":"1917216.74684028","time":1712461264374,"isBuyerMaker":true},{"id":96545771,"price":"64450.0000000000000000","qty":"15.83197200","quoteQty":"1019227.78033315","time":1712461249657,"isBuyerMaker":true},{"id":96545748,"price":"64450.0000000000000000","qty":"29.74675200","quoteQty":"1915030.92685363","time":1712461244736,"isBuyerMaker":true},{"id":96545729,"price":"64450.0000000000000000","qty":"29.73241200","quoteQty":"1914107.74897219","time":1712461234484,"isBuyerMaker":true},{"id":96545715,"price":"64450.0000000000000000","qty":"29.68549400","quoteQty":"1911087.27060110","time":1712461229751,"isBuyerMaker":true},{"id":96545700,"price":"64450.0000000000000000","qty":"29.62025200","quoteQty":"1906887.13312963","time":1712461223980,"isBuyerMaker":true},{"id":96545690,"price":"64450.0000000000000000","qty":"1.00000000","quoteQty":"64224.42500000","time":1712461220534,"isBuyerMaker":true},{"id":96545666,"price":"64450.0000000000000000","qty":"29.53869800","quoteQty":"1901636.86472357","time":1712461216017,"isBuyerMaker":true}